1587 2533
136 104 218 148 254
480 102 542 132 EX
547 101 636 131 TRA
645 101 726 131 CTS
754 102 816 132 FR
823 101 893 131 OM
919 102 965 132 CI
967 102 1052 132 CER
1059 101 1097 133 Ο.
1314 104 1391 134 Sect.
1408 104 1447 135 V.

133 215 211 252 quo
250 201 407 239 nomine
438 201 639 250 appellem,
669 201 811 246 nescio,
842 202 948 251 quod
976 201 1015 238 in
1045 201 1088 238 C.
1111 201 1282 239 Marcelli
1311 209 1445 240 statua.
1469 213 1505 245 75

133 266 239 312 Quid
267 273 326 303 est
352 266 451 303 hoc?
499 265 736 303 Patronusne
766 266 872 315 quod
901 267 1005 303 erat?
1061 265 1165 311 Quid
1193 267 1300 303 tum?
1357 266 1448 312 Quo

131 331 172 368 id
209 331 382 380 spectat?
439 329 578 367 Utrum
616 342 661 367 ea
697 342 757 367 res
797 330 845 367 ad
875 343 1001 380 opem,
1033 342 1082 367 an
1117 331 1166 367 ad
1195 331 1447 368 calamitatem

132 396 325 433 clientium
355 402 467 444 atque
495 394 692 444 hospitum
712 395 834 432 valere
864 396 1055 433 debebat?
1085 408 1133 432 an
1160 403 1201 432 ut
1223 395 1299 433 hoc
1320 403 1447 433 osten-

133 461 253 505 deres,
275 467 409 497 contra
428 461 504 496 vim
524 467 629 496 tuam
650 461 688 496 in
708 462 878 509 patronis
899 461 1076 510 praesidii
1097 461 1188 497 nihil
1209 462 1319 498 esse?
1349 460 1448 507 Quis

131 526 206 563 hoc
226 537 306 562 non
332 525 567 573 intelligeret,
589 525 628 561 in
655 525 819 573 improbi
847 526 1056 574 praesentis
1082 525 1243 573 imperio
1263 525 1448 562 maiorem
1467 531 1510 561 80

132 603 216 627 esse
237 590 324 635 vim,
346 602 461 638 quam
481 589 520 625 in
540 590 731 626 bonorum
752 591 967 627 absentium
987 590 1228 639 patrocinio?
1275 590 1339 626 An
1359 601 1448 627 vero

132 667 179 692 ex
217 655 291 692 hoc
321 655 382 690 illa
411 661 475 691 tua
514 654 715 702 singularis
753 655 985 703 significatur
1012 655 1226 698 insolentia,
1257 655 1446 703 superbia,

132 720 398 757 contumacia?
443 718 637 756 detrahere
667 719 840 756 videlicet
868 719 1010 767 aliquid
1038 725 1075 756 te
1114 719 1161 756 de
1200 719 1448 767 amplitudine

131 785 401 822 Marcellorum
430 786 579 833 putasti.
637 785 772 834 Itaque
799 798 902 823 nunc
928 785 1141 822 Siculorum
1169 785 1339 822 Marcelli
1368 797 1448 822 non

133 858 219 888 sunt
239 851 409 899 patroni:
432 850 572 888 Verres
593 850 631 886 in
652 863 784 887 eorum
804 851 932 887 locum
953 851 1177 888 substitutus
1194 857 1260 887 est.
1319 850 1448 896 Quam
1468 859 1507 898 85

132 916 171 952 in
201 922 237 952 te
266 921 410 952 tantam
439 915 614 952 virtutem
644 927 728 952 esse
757 922 821 952 aut
851 916 1074 964 dignitatem
1104 915 1304 952 arbitratus
1333 927 1386 959 es,
1406 921 1448 951 ut

134 992 316 1017 conarere
334 980 548 1016 clientelam
568 987 646 1016 tam
667 981 859 1025 illustrem,
877 987 955 1017 tam
976 980 1198 1028 splendidae
1219 979 1447 1028 provinciae,

131 1045 328 1082 traducere
358 1045 407 1081 ad
436 1051 483 1089 te,
514 1045 659 1082 auferre
689 1057 712 1081 a
740 1045 955 1082 certissimis
994 1045 1342 1092 antiquissimisque
1380 1056 1448 1092 pa-

133 1110 281 1146 tronis?
338 1109 402 1146 Tu
431 1110 502 1146 ista
531 1110 694 1154 stultitia,
715 1110 894 1157 nequitia,
918 1110 1050 1146 inertia
1078 1121 1158 1145 non
1187 1109 1305 1146 modo
1333 1109 1449 1146 totius

134 1174 293 1218 Siciliae,
323 1174 390 1210 sed
418 1175 530 1210 unius
560 1174 771 1210 tenuissimi
802 1173 917 1210 Siculi
947 1173 1158 1211 clientelam
1188 1174 1283 1210 tueri
1311 1173 1447 1222 potes?
1467 1181 1510 1213 90

134 1239 225 1276 Tibi
254 1238 425 1275 Marcelli
464 1245 588 1275 statua
615 1250 685 1287 pro
713 1238 884 1287 patibulo
923 1238 962 1275 in
992 1239 1147 1275 clientes
1177 1237 1448 1275 Marcellorum

133 1304 227 1340 suit?
258 1310 298 1340 tu
318 1315 364 1339 ex
386 1303 482 1340 illius
509 1303 656 1340 honore
676 1304 714 1339 in
736 1315 802 1340 eos
827 1304 944 1351 ipsos,
965 1303 1029 1352 qui
1049 1303 1237 1340 honorem
1259 1303 1309 1339 illi
1329 1291 1449 1339 habu-

134 1376 251 1413 erant,
274 1367 458 1416 supplieia
479 1369 715 1416 quaerebas?
772 1368 877 1414 Quid
902 1369 1061 1417 postea?
1093 1368 1183 1417 quid
1203 1368 1357 1405 tandem
1377 1367 1449 1404 tuis

135 1432 265 1469 statuis
295 1432 375 1468 fore
406 1433 657 1469 arbitrabare?
714 1433 777 1469 An
806 1444 895 1469 vero
925 1432 973 1478 id,
995 1432 1099 1481 quod
1128 1433 1289 1469 accidit?
1346 1431 1448 1468 Nam

136 1498 386 1546 Tyndaritani
426 1505 587 1534 statuam
627 1498 743 1542 istius,
783 1510 899 1546 quam
938 1498 1008 1534 sibi
1047 1504 1201 1545 propter
1246 1496 1448 1533 Marcellos
1466 1509 1506 1542 95

135 1562 267 1598 altiore
297 1563 410 1599 etiam
439 1563 520 1599 basi
559 1563 651 1611 poni
680 1563 848 1608 iusserat,
881 1562 1137 1607 deturbarunt,
1169 1562 1326 1599 simulac
1364 1574 1448 1599 suc-

135 1638 286 1664 cessum
316 1627 375 1664 isti
405 1628 615 1664 audierunt.

189 1706 225 1736 4.
255 1692 372 1729 Dedit
393 1705 495 1729 nunc
516 1693 628 1740 igitur
648 1693 714 1729 tibi
740 1692 892 1729 fortuna
921 1691 1133 1729 Siculorum
1159 1690 1201 1728 C.
1224 1690 1450 1728 Marcellum

137 1757 313 1802 iudicem,
335 1764 386 1801 ut,
408 1758 514 1794 cuius
542 1757 590 1794 ad
618 1765 780 1794 statuam
802 1757 917 1794 Siculi
940 1764 974 1793 te
995 1763 1169 1804 praetore
1190 1756 1449 1804 alligabantur,

137 1823 216 1859 eius
244 1823 416 1870 religioni
446 1830 481 1859 te
511 1823 690 1859 eumdem
715 1823 883 1859 vinctum
912 1822 1183 1869 astrictumque
1211 1822 1448 1859 dederemus.
1471 1839 1530 1860 100

137 1887 195 1923 Ac
216 1887 349 1935 primo,
372 1887 526 1931 iudices,
548 1887 623 1924 hoc
654 1888 806 1935 signum
827 1886 1006 1924 Mercurii
1034 1887 1184 1923 dicebat
1202 1887 1271 1923 iste
1293 1886 1450 1934 Tynda-

138 1952 280 1988 ritanos
319 1951 373 1989 M.
395 1951 580 1988 Marcello
609 1952 696 1989 huic
726 1952 940 1989 Aesernino
968 1951 1194 1996 vendidisse,
1224 1958 1337 1999 atque
1375 1950 1451 1988 hoc

139 2028 208 2053 sua
236 2028 351 2053 causa
379 2018 493 2053 etiarn
519 2016 744 2053 Marcellum
770 2017 895 2065 ipsum
923 2017 1098 2065 sperabat
1127 2028 1210 2053 esse
1240 2016 1450 2053 dicturum:

139 2082 244 2130 quod
270 2081 362 2117 mihi
389 2094 599 2131 numquam
620 2082 817 2118 verisimile
837 2082 960 2118 visum
986 2088 1053 2125 est,
1077 2081 1362 2118 adolescentem
1387 2080 1450 2118 illo

138 2147 224 2184 loco
253 2154 396 2192 natum,
418 2154 621 2195 patronum
649 2146 807 2191 Siciliae,
828 2158 972 2183 nomen
999 2158 1111 2183 suum
1137 2146 1197 2183 isti
1217 2146 1266 2182 ad
1286 2146 1449 2182 tralatio-
1471 2162 1530 2195 105

138 2224 228 2248 nem
249 2212 414 2248 criminis
436 2212 779 2248 commodaturum.
824 2211 1099 2248 Verumtamen
1115 2211 1166 2247 ita
1181 2223 1240 2247 res
1260 2210 1351 2247 mihi
1370 2217 1451 2247 tota

139 2277 290 2325 provisa
309 2283 421 2324 atque
444 2284 648 2324 praecauta
668 2284 734 2321 est,
755 2283 806 2321 ut,
827 2277 857 2314 si
877 2277 1043 2312 maxime
1064 2283 1163 2312 esset
1182 2276 1368 2320 inventus,
1385 2276 1450 2323 qui

140 2354 179 2378 m
207 2354 248 2379 se
278 2341 467 2390 suscipere
497 2342 608 2378 istam
639 2341 789 2391 culpam
819 2342 1038 2390 crimenque
1068 2347 1233 2389 cuperet,
1262 2347 1391 2377 tamen
1418 2340 1450 2378 is
