1587 2533
131 121 174 153 11.
196 123 246 162 9.·
367 111 538 152 ROME'S
565 120 691 151 RULE
723 120 779 151 OF
808 120 903 150 HER
935 119 1212 151 PROVINCES.
1371 117 1447 162 251

132 220 274 258 scelere
302 220 507 259 auferebat.
564 220 669 267 Quid
696 220 772 258 hoc
801 226 880 258 tota
909 220 1034 258 Sicilia
1062 226 1120 259 est
1157 218 1305 264 clarius,
1336 229 1452 266 quam

133 297 271 323 omnes
310 286 541 336 Segestanas
573 293 770 323 matronas
800 293 837 324 et
868 286 1033 335 virgines
1063 284 1301 328 convenisse,
1332 294 1452 332 quum

74 367 117 401 90
135 350 262 389 Diana
305 359 568 401 exportaretur
606 364 654 389 ex
693 352 853 401 oppido,
892 351 1048 388 unxisse
1086 349 1304 398 unguentis,
1345 359 1452 385 corn-

133 416 259 465 plesse
289 417 444 454 coronis
475 424 512 454 et
539 417 709 462 floribus,
739 424 820 454 ture
847 417 1108 464 odoribusque
1135 414 1302 452 incensis
1330 423 1453 461 usque

132 482 182 518 ad
207 482 288 531 agri
308 482 404 520 fines
427 489 650 532 prosecutas
680 482 791 520 esse?
848 482 965 519 Hanc
992 489 1032 519 tu
1059 487 1205 518 tantam
1228 479 1454 528 religionem

133 547 164 585 si
185 554 266 584 tum
287 548 326 585 in
347 548 507 597 imperio
534 555 691 598 propter
720 548 969 596 cupiditatem
999 554 1113 597 atque
1141 546 1342 584 audaciam
1372 555 1454 581 non

131 614 453 662 pertimescebas:
483 626 533 652 ne
556 626 659 651 nunc
686 614 843 663 quidem
872 613 912 650 in
941 620 1047 651 tanto
1078 621 1144 650 tuo
1171 612 1456 659 liberorumque

71 692 113 725 95
133 685 286 716 tuorum
323 679 493 728 periculo
532 676 820 729 perhorrescis?
891 678 1020 725 Quem
1057 678 1124 715 tibi
1162 683 1226 714 aut
1255 676 1454 713 hominem

132 744 256 782 invitis
287 745 358 782 diis
387 744 677 789 immortalibus,
708 751 773 782 aut
801 756 890 782 vero
921 744 1036 781 deum
1065 744 1178 781 tantis
1208 755 1341 780 eorum
1371 742 1454 778 reli-

133 810 313 858 gionibus
341 810 489 847 violatis
527 810 668 848 auxilio
698 810 866 847 futurum
905 810 1046 858 putas?
1102 809 1193 846 Tibi
1230 808 1291 845 illa
1324 807 1452 844 Diana

132 875 170 912 in
201 887 296 924 pace
324 882 437 925 atque
458 876 498 912 in
527 876 606 913 otio
627 876 852 924 religionem
873 875 1017 911 nullam
1037 874 1184 911 attulit?
1215 886 1313 922 quae
1335 885 1455 922 quum

134 940 229 978 duas
266 941 381 978 urbes
425 941 464 978 in
504 941 643 990 quibus
686 941 813 978 locata
858 940 980 977 fuerat
1024 946 1156 988 captas
1200 939 1457 987 incensasque

55 1030 117 1052 100
134 1007 299 1052 vidisset,
328 1007 387 1044 bis
417 1019 463 1044 ex
503 1007 668 1044 duorum
696 1006 884 1043 bellorum
914 1005 1070 1042 flamma
1098 1004 1276 1054 ferroque
1310 1010 1458 1041 servata

135 1078 216 1119 est;
247 1084 344 1122 quae
372 1072 755 1121 Karthaginiensium
774 1071 931 1109 victoria
954 1071 1042 1108 loco
1063 1076 1211 1107 mutato
1231 1069 1458 1118 religionem

135 1143 265 1174 tamen
294 1150 376 1175 non
405 1138 541 1184 amisit,
566 1137 606 1174 P.
629 1137 801 1174 Africani
821 1137 956 1173 virtute
984 1135 1210 1184 religionem
1238 1135 1350 1172 simul
1370 1146 1460 1171 cum

136 1202 222 1240 loco
242 1203 488 1252 recuperavit.
547 1202 638 1249 Quo
659 1203 816 1252 quidem
833 1202 974 1239 scelere
991 1208 1184 1250 suscepto,
1202 1212 1318 1250 quum
1337 1200 1460 1237 inanis

139 1276 241 1307 esset
260 1270 374 1315 basis,
396 1276 433 1307 et
453 1270 493 1306 in
513 1281 558 1306 ea
578 1269 618 1306 P.
642 1269 812 1306 Africani
833 1280 978 1305 nomen
998 1267 1182 1304 incisum:
1213 1279 1274 1304 res
1301 1267 1461 1315 indigna

59 1346 118 1377 ¹05
139 1342 252 1384 atque
281 1335 522 1372 intoleranda
549 1334 748 1372 videbatur
777 1334 970 1379 omnibus,
991 1345 1072 1370 non
1101 1332 1227 1370 solum
1256 1332 1460 1381 religiones

138 1412 222 1437 esse
251 1400 420 1445 violatas,
441 1413 572 1438 verum
600 1401 716 1437 etiam
742 1399 783 1437 P.
805 1399 988 1444 Africani,
1009 1399 1075 1436 viri
1101 1398 1308 1444 fortissimi,
1335 1410 1462 1435 rerum

138 1472 333 1515 gestarum
360 1466 535 1514 gloriam,
557 1465 784 1503 memoriam
814 1465 971 1510 virtutis,
1001 1469 1255 1502 monumenta
1283 1463 1462 1501 victoriae

140 1530 185 1569 C.
201 1530 364 1568 Verrem
385 1531 597 1568 sustulisse.
656 1530 775 1577 Quod
795 1543 915 1580 quum
936 1530 996 1567 isti
1015 1530 1295 1566 renuntiaretur
1310 1529 1357 1566 de
1378 1529 1462 1566 basi

140 1609 185 1634 ac
213 1596 356 1642 litteris,
381 1596 607 1634 existimavit
635 1596 814 1634 homines
843 1597 882 1633 in
911 1595 1145 1633 oblivionem
1175 1594 1291 1632 totius
1318 1593 1465 1643 negotii

63 1678 124 1700 110
142 1673 226 1699 esse
246 1668 437 1707 venturos,
459 1662 491 1699 si
518 1662 634 1699 etiam
653 1663 788 1707 basim,
809 1668 1008 1711 tamquam
1028 1661 1195 1698 indicem
1222 1660 1279 1697 sui
1301 1660 1464 1705 sceleris,

143 1727 364 1765 sustulisset.
406 1726 768 1777 Itaquetollendam
788 1727 895 1764 istius
916 1726 1077 1775 imperio
1094 1725 1334 1771 locaverunt;
1366 1736 1466 1773 quae

141 1792 251 1829 vobis
270 1791 412 1829 locatio
432 1805 480 1830 ex
500 1793 663 1842 publicis
686 1793 987 1842 Segestanorum
1007 1791 1137 1829 litteris
1158 1791 1285 1841 priore
1312 1791 1465 1829 actione

142 1857 300 1895 recitata
319 1863 388 1895 est.

335 1972 375 2006 9.
405 1967 507 2005 How
536 1968 664 2007 Verres
682 1969 822 2006 treated
836 1967 989 2018 Sopater
1008 1973 1051 2006 al
1069 1967 1268 2016 Ῑῇηῑᾱανιῖς.

204 2073 237 2098 1.
267 2060 319 2099 At
338 2060 415 2099 hoc
434 2061 560 2099 solum
588 2062 760 2101 Africani
788 2068 1084 2100 monumentum
1103 2062 1279 2100 violasti?
1335 2062 1469 2109 Quid?

146 2139 169 2165 a
207 2126 480 2176 Tyndaritanis
519 2139 600 2165 non
638 2128 811 2165 eiusdem
851 2127 1042 2177 Scipionis
1079 2128 1270 2166 beneficio
1298 2129 1469 2177 positum

147 2191 393 2229 simulacrum
432 2191 611 2230 Mercurii
657 2193 910 2243 pulcherrime
952 2193 1095 2231 factum
1140 2194 1348 2231 sustulisti?
1417 2195 1470 2232 At

148 2257 489 2307 quemadmodum,
511 2258 561 2294 dii
581 2258 841 2296 immortalesl
872 2270 988 2307 quam
1013 2259 1219 2297 audacter!
1249 2271 1367 2308 quarn
1386 2258 1470 2296 libi—

110 2335 129 2368 5
150 2323 310 2360 dinosel
339 2334 456 2371 quam
485 2322 753 2372 impudenter!
809 2324 981 2362 Audistis
1010 2336 1133 2374 nuper
1162 2323 1287 2361 dicere
1321 2324 1472 2373 legatos*

149 2387 448 2439 Tyndaritanos,
469 2387 646 2426 homines
676 2389 970 2427 honestissimos
999 2401 1044 2427 ac
1073 2390 1267 2441 principes
1296 2377 1483 2438 civitatis,'
