1587 2533
81 433 119 455 10

81 762 116 792 15

79 1095 118 1116 20

79 1418 117 1449 25

77 1751 120 1781 30

80 2074 120 2105 3<

80 2397 123 2427 40

137 129 234 169 Chap.
256 129 311 160 VI.
531 127 687 157 OMENS
717 127 815 156 AND
846 126 1050 158 DREAMS.
1378 134 1454 174 125

137 227 323 276 sanguine
352 226 592 263 redundaret.
650 223 770 270 Quod
800 225 928 263 matris
963 225 1157 263 somnium
1189 227 1367 264 immanis
1393 227 1457 263 filii

137 292 339 331 crudelitas
378 290 652 340 comprobavit.
717 289 821 336 Quid
863 302 948 338 ego,
984 303 1082 340 quae
1122 292 1224 340 magi
1266 291 1368 340 Cyro
1406 292 1457 328 illi

137 357 299 407 principi
336 356 569 405 interpretati
607 361 705 400 sunt,
741 367 788 392 ex
828 355 995 393 Dinonis
1036 356 1197 394 Persicis
1237 357 1456 406 proferam?

137 422 240 461 Nam
273 434 392 471 quum
421 420 624 459 dormienti
644 420 678 457 ei
707 420 763 457 sol
792 420 841 457 ad
867 421 985 469 pedes
1016 422 1117 459 visus
1147 429 1257 466 esset,
1279 429 1335 459 ter
1365 434 1453 460 eum

137 487 265 525 scribit
285 486 421 524 frustra
441 486 670 535 appetivisse
699 485 888 529 manibus,
910 497 1029 534 quum
1061 499 1101 524 se
1134 488 1368 525 convolvens
1400 488 1457 525 sol

137 553 349 590 elaberetur
365 558 402 589 et
415 552 556 589 abiret:
586 551 620 587 ei
635 562 773 598 magos
789 550 939 595 dixisse,
962 549 1086 602 (quod
1103 565 1225 601 genus
1240 553 1456 602 sapientum

137 624 174 655 et
212 617 414 655 doctorum
451 616 663 654 habebatur
701 615 740 652 in
778 614 933 666 Persis)
964 629 1010 653 ex
1044 618 1179 666 triplici
1218 619 1452 667 appetitione

138 683 241 729 solis,
261 696 338 721 xxx
366 694 489 719 annos
517 681 662 731 Cyrum
691 687 939 729 regnaturum
970 694 1064 727 esse,
1087 684 1276 731 portendi.
1337 683 1457 730 Quod

138 749 189 786 ita
222 748 391 797 contigit.
450 746 553 784 Nam
591 747 640 784 ad
674 746 1000 795 septuagesimum
1035 749 1216 797 pervenit,
1251 761 1370 798 quum
1406 760 1456 786 XL

136 822 248 853 natus
269 826 393 852 annos
413 825 570 862 regnare
591 813 794 861 coepisset.

191 885 228 918 2.
258 880 328 917 Est
353 879 526 928 profecto
547 879 731 927 quiddam
752 880 867 917 etiam
888 880 926 916 in
955 880 1127 917 barbaris
1148 881 1326 928 gentibus
1348 893 1456 929 prae-

137 947 304 984 sentiens
335 951 449 993 atque
485 945 680 981 divinans:
711 945 900 994 siquidem
935 945 983 982 ad
1015 953 1178 983 mortem
1204 946 1455 994 proficiscens
1488 994 1491 998 .

138 1011 304 1049 Calanus
336 1010 466 1055 Indus,
494 1022 613 1059 quum
647 1011 872 1047 ascenderet
908 1011 946 1047 in
981 1022 1119 1059 rogum
1155 1011 1364 1057 ardentem,
1396 1010 1456 1049 ‘O

136 1076 374 1126 praeclarum
390 1075 624 1121 discessum‚'
641 1075 772 1124 inquit,
789 1079 797 1094 ‘
811 1088 832 1113 e
853 1075 947 1113 vita!
979 1088 1109 1124 quum,
1124 1083 1164 1113 ut
1186 1075 1346 1114 Herculi
1362 1089 1455 1114 con-

137 1143 230 1192 tigit,
250 1141 401 1179 mortali
423 1152 584 1189 corpore
615 1147 795 1187 cremato,
816 1141 855 1178 in
886 1141 1010 1178 lucem
1038 1142 1188 1179 animus
1214 1144 1420 1180 excesserit
1435 1142 1454 1179 l’

137 1207 347 1257 Quumque
367 1206 587 1244 Alexander
613 1218 700 1243 eum
722 1213 884 1255 rogaret,
907 1207 937 1243 si
964 1206 1056 1256 quid
1083 1207 1202 1252 vellet,
1224 1215 1264 1244 ut
1292 1208 1453 1253 diceret;

139 1276 149 1292 ⁴
167 1272 346 1323 Optime?
368 1272 511 1322 inquit:
543 1272 792 1321 ‘propediem
812 1279 848 1308 te
868 1271 1030 1309 videbo!
1072 1271 1191 1318 Quod
1211 1273 1262 1310 ita
1283 1274 1453 1322 contigit.

139 1338 242 1377 Nam
266 1337 464 1387 Babylone
496 1338 626 1386 paucis
655 1343 744 1386 post
764 1337 898 1374 diebus
930 1337 1149 1374 Alexander
1183 1344 1240 1375 est
1269 1346 1455 1376 mortuus.

137 1403 308 1442 Discedo
329 1415 535 1452 parumper
568 1414 590 1439 a
611 1403 780 1448 somniis,
803 1403 852 1440 ad
881 1415 978 1452 quae
1009 1415 1100 1440 mox
1135 1410 1308 1441 revertar.
1368 1404 1457 1450 Qua

138 1476 252 1508 nocte
285 1468 472 1517 templum
492 1467 682 1517 Ephesiae
712 1467 861 1505 Dianae
883 1468 1114 1517 deflagravit,
1136 1468 1272 1506 eadem
1306 1476 1457 1507 constat

138 1547 185 1572 ex
217 1534 448 1584 Olympiade
486 1539 619 1570 natum
649 1545 735 1571 esse
765 1533 1041 1578 Alexandrum,
1072 1541 1196 1583 atque,
1226 1535 1291 1571 ubi
1330 1535 1457 1572 lucere

138 1601 341 1650 coepisset,
376 1599 591 1636 clamitasse
629 1610 778 1647 magos,
817 1605 967 1648 pestem
1007 1611 1052 1636 ac
1091 1599 1301 1648 perniciem
1340 1600 1457 1637 Asiae

138 1667 314 1717 proxima
333 1671 446 1702 nocte
466 1671 607 1702 natam.
666 1663 776 1701 Haec
799 1664 846 1701 de
867 1664 973 1701 Indis
994 1670 1032 1701 et
1052 1665 1188 1713 magis.

192 1737 228 1770 3.
261 1731 482 1768 Redeamus
522 1729 570 1766 ad
609 1730 768 1767 somnia.
827 1728 1089 1767 Hannibalem
1123 1729 1281 1771 Caelius
1316 1730 1456 1775 scribit,

139 1810 259 1848 quum
280 1796 501 1834 columnam
530 1807 684 1832 auream
713 1807 812 1844 quae
842 1801 944 1832 esset
977 1795 1015 1831 in
1037 1795 1128 1832 fano
1158 1795 1318 1832 Iunonis
1347 1795 1458 1833 Laci-

140 1865 225 1902 niae
257 1861 402 1900 auferre
436 1861 557 1907 vellet,
594 1861 858 1909 dubitaretque
893 1867 1019 1897 utrum
1050 1872 1095 1897 ea
1128 1860 1251 1897 solida
1274 1867 1383 1906 esset,
1410 1873 1458 1898 an

141 1929 377 1967 extrinsecus
409 1927 592 1972 inaurata,
614 1926 957 1975 perterebravisse:
988 1937 1184 1974 quumque
1213 1926 1374 1963 solidam
1401 1927 1458 1964 in-

141 1995 317 2039 venisset,
350 1993 618 2040 statuissetque
652 1991 795 2036 tollere,
823 1991 857 2028 ei
890 1991 1104 2028 secundum
1135 1991 1302 2040 quietem
1336 1993 1458 2030 visam

142 2073 226 2099 esse
247 2060 440 2097 Iunonem
459 2057 679 2107 praedicere
700 2069 749 2094 ne
768 2057 806 2093 id
827 2056 977 2101 faceret,
999 2057 1224 2105 minarique,
1246 2057 1276 2094 si
1297 2056 1459 2102 fecisset,

144 2138 185 2165 se
218 2131 434 2163 curaturam
467 2129 508 2160 ut
542 2135 631 2160 eum
666 2135 821 2172 quoque
857 2122 1023 2167 oculum,
1060 2134 1137 2171 quo
1171 2123 1270 2160 bene
1304 2123 1458 2168 videret,

141 2191 352 2235 amitteret;
383 2189 498 2238 idque
515 2189 563 2225 ab
583 2189 739 2225 homine
759 2194 873 2225 acuto
894 2199 972 2224 non
994 2199 1078 2224 esse
1099 2187 1328 2236 neglectum.
1385 2188 1461 2225 Ita-

143 2268 218 2307 que
244 2268 291 2293 ex
319 2266 366 2292 eo
397 2265 502 2299 auro,
523 2253 627 2302 quod
656 2254 936 2290 exterebratum
966 2259 1077 2297 esset,
1098 2253 1277 2289 buculam
1308 2265 1460 2291 curasse

143 2321 371 2366 faciendam,
392 2328 430 2357 et
448 2331 534 2356 eam
554 2320 593 2356 in
615 2331 767 2357 summa
787 2318 966 2355 columna
986 2318 1244 2355 collocavisse.

196 2392 237 2425 4.
267 2385 360 2424 Hoc
393 2385 494 2423 idem
527 2384 566 2422 in
602 2384 730 2429 Sileni,
761 2395 875 2433 quem
911 2381 1064 2421 Caelius
1095 2383 1275 2431 sequitur,
1311 2382 1460 2422 Graeca
