1587 2533
153 134 235 177 250
504 132 746 164 EXTRACTS
774 133 910 163 FROM
937 133 1114 166 CICERO.
1319 136 1400 168 sect.
1425 135 1467 167 V.

152 233 413 284 Opponebant
454 233 505 270 illi
551 234 740 271 interdum
786 245 929 270 nomen
966 233 1164 280 Africani;
1212 233 1358 272 donum
1394 247 1466 284 po-

151 299 229 348 puli
259 299 425 336 Romani
457 299 547 336 illud
577 311 661 335 esse
692 299 892 345 dicebant;
931 299 1024 335 nihil
1053 311 1094 336 se
1120 299 1159 335 in
1191 310 1237 335 eo
1265 299 1464 348 potestatis
1483 315 1523 348 55

148 363 300 409 habere,
323 363 428 412 quod
447 363 652 412 imperator
678 363 918 408 clarissimus,
938 364 1031 400 urbe
1051 363 1219 400 hostiurn
1240 369 1361 412 capta,
1381 376 1465 401 mo-

148 435 374 465 numentum
403 428 580 465 victoriae
614 428 747 476 populi
776 427 944 465 Romani
974 440 1057 465 esse
1086 428 1275 464 voluisset.
1332 427 1464 474 Quum

147 494 215 530 iste
241 493 359 529 nihilo
385 493 579 530 remissius
606 500 718 541 atque
743 493 858 529 etiam
883 493 1003 529 multo
1022 492 1283 530 vehementius
1310 492 1464 530 instaret

147 558 327 605 quotidie,
365 569 425 594 res
464 558 587 605 agitur
624 557 663 594 in
701 565 845 594 senatu.
902 557 1161 594 Vehementer
1191 557 1240 594 ab
1285 558 1463 595 omnibus

146 623 381 660 reclamatur.
438 622 571 671 Itaque
608 621 671 659 illo
710 628 881 671 tempore
919 635 964 660 ac
1001 622 1126 671 primo
1165 622 1270 660 istius
1297 623 1462 660 adventu
1479 634 1522 667 60

146 694 385 736 pernegatur.
440 687 590 732 Postea,
612 687 797 736 quidquid
827 694 905 725 erat
933 687 1060 725 oneris
1089 687 1128 724 in
1158 688 1280 724 nautis
1309 688 1460 737 remigi-

145 753 293 801 busque
314 752 523 801 exigendis,
545 752 583 788 in
604 752 795 789 frumento
817 752 1053 802 imperando,
1077 751 1295 801 Segestanis
1315 760 1463 802 praeter

145 824 292 855 ceteros
321 817 544 867 imponebat
581 817 773 866 aliquanto
803 818 976 866 amplius,
1005 829 1122 866 quam
1159 817 1254 854 ferre
1292 825 1460 867 possent.

144 883 344 920 Praeterea
379 883 623 931 magistratus
652 894 785 919 eorum
819 883 1023 919 evocabat:
1052 882 1241 930 optimum
1269 894 1462 932 quemque

144 955 180 984 et
206 947 486 985 nobilissimum
513 947 561 984 ad
588 959 629 984 se
662 948 901 984 arcessebat:
932 947 1075 984 circum
1095 947 1224 984 omnia
1243 948 1460 996 provinciae
1478 951 1519 992 65

144 1012 226 1049 fora
257 1013 448 1061 rapiebat:
480 1012 694 1060 singillatim
723 1012 789 1048 uni
819 1012 955 1061 cuique
985 1011 1185 1048 calamitati
1214 1011 1295 1049 fore
1325 1024 1365 1049 se
1394 1013 1460 1050 de-

142 1079 361 1115 nuntiabat:
390 1077 606 1114 universam
636 1089 676 1114 se
700 1076 868 1114 funditus
894 1076 995 1113 illam
1023 1088 1239 1113 eversurum
1266 1089 1349 1114 esse
1373 1077 1460 1115 civi-

141 1149 256 1179 tatem
276 1143 500 1180 minabatur.
557 1142 691 1192 Itaque
720 1142 926 1191 aliquando
950 1142 1077 1178 multis
1103 1141 1212 1179 malis
1238 1154 1459 1191 magnoque

140 1215 244 1245 metu
264 1209 348 1245 victi
371 1207 568 1256 Segestani
589 1207 773 1256 praetoris
794 1207 954 1255 imperio
974 1207 1187 1255 parendum
1216 1218 1299 1244 esse
1330 1207 1458 1246 decre-

140 1280 295 1310 verunt:
324 1285 468 1321 magno
498 1285 586 1310 cum
624 1273 727 1309 luctu
755 1278 792 1309 et
820 1272 963 1320 gemitu
992 1272 1106 1308 totius
1136 1271 1303 1317 civitatis,
1332 1273 1457 1311 multis
1478 1281 1518 1316 70

140 1350 228 1375 cum
257 1338 418 1375 lacrimis
448 1344 484 1375 et
511 1337 846 1375 lamentationibus
872 1337 1038 1374 virorum
1066 1336 1344 1386 mulierumque
1373 1350 1458 1375 om-

138 1404 244 1440 nium
266 1403 507 1441 simulacrum
528 1402 675 1440 Dianae
695 1402 905 1439 tollendum
924 1402 1080 1439 locatur.

194 1481 227 1516 3.
258 1468 395 1505 Videte
424 1474 567 1517 quanta
595 1467 726 1515 religio
755 1466 866 1503 fuerit
898 1467 1002 1515 apud
1032 1466 1287 1516 Segestanos:
1329 1480 1456 1517 reper-

136 1540 217 1570 tum
256 1546 351 1578 esse,
381 1533 534 1577 iudices,
565 1533 698 1570 scitote
736 1532 940 1576 neminem,
971 1543 1094 1579 neque
1132 1531 1292 1568 liberum
1330 1545 1456 1582 neque

136 1611 297 1644 servum,
326 1611 452 1647 neque
489 1598 610 1635 civem
640 1609 765 1646 neque
804 1597 1056 1646 peregrinum,
1089 1596 1152 1645 qui
1181 1597 1273 1634 illud
1302 1598 1453 1646 signum
1474 1614 1512 1647 75

136 1665 291 1701 auderet
319 1664 510 1712 attingere.
569 1662 759 1700 Barbaros
788 1661 977 1710 quosdam
1005 1661 1189 1709 Lilybaeo
1224 1662 1357 1699 scitote
1386 1664 1452 1701 ad-

135 1729 271 1766 ductos
298 1741 380 1766 esse
401 1729 617 1777 operarios:
645 1727 684 1764 hi
705 1727 869 1775 denique
893 1726 995 1772 illud,
1016 1726 1136 1774 ignari
1166 1727 1280 1764 totius
1310 1730 1453 1777 negotii

133 1807 178 1831 ac
206 1795 411 1843 religionis,
431 1793 607 1831 mercede
631 1799 798 1841 accepta,
818 1791 1057 1830 sustulerunt.
1115 1791 1233 1838 Quod
1259 1804 1377 1841 quum
1403 1806 1451 1832 ex

133 1859 278 1908 oppido
300 1865 572 1908 exportaretur,
593 1870 708 1908 quem
728 1864 959 1895 conventum
978 1857 1178 1893 mulierum
1199 1857 1342 1894 factum
1366 1871 1450 1896 esse

133 1924 388 1961 arbitramini?
419 1936 533 1972 quem
563 1924 694 1960 fletum
722 1923 911 1960 maiorum
939 1923 1056 1959 natu?
1085 1933 1247 1970 quorum
1276 1923 1449 1960 nonnulli
1467 1929 1509 1960 8ο

131 1989 245 2025 etiam
265 1989 369 2025 illum
397 1989 497 2025 diem
516 1988 704 2025 memoria
729 1988 920 2032 tenebant,
941 1999 1060 2035 quum
1087 1987 1147 2023 illa
1166 1987 1301 2024 eadem
1322 1987 1449 2026 Diana

132 2055 330 2103 Segestam
359 2055 595 2103 Karthagine
628 2059 778 2091 revecta
809 2053 1004 2090 victoriam
1032 2053 1164 2102 populi
1194 2052 1361 2090 Romani
1389 2067 1448 2091 re-

131 2120 211 2157 ditu
239 2131 308 2156 suo
338 2120 559 2156 nuntiasset.
616 2119 745 2164 Quam
773 2118 964 2156 dissimilis
1000 2118 1062 2155 hic
1091 2118 1172 2155 dies
1205 2118 1255 2154 illi
1283 2120 1447 2168 tempori

128 2184 347 2221 videbatur!
405 2183 509 2220 Tum
538 2184 745 2233 imperator
773 2182 906 2232 populi
932 2182 1111 2227 Romani,
1131 2183 1183 2219 vir
1205 2183 1446 2230 clarissimus,

130 2250 224 2286 deos
261 2248 404 2297 patrios
443 2250 660 2297 reportabat
699 2248 915 2297 Segestanis
945 2260 992 2284 ex
1020 2249 1113 2284 urbe
1141 2248 1310 2285 hostium
1338 2261 1443 2286 recu·
1463 2255 1502 2294 85

127 2321 304 2363 peratos:
349 2325 452 2350 nunc
491 2326 537 2350 ex
574 2315 667 2351 urbe
706 2314 898 2351 sociorum
937 2320 1087 2362 praetor
1116 2313 1285 2350 eiusdem
1314 2315 1446 2363 populi

127 2379 366 2427 turpissimus
399 2385 512 2427 atque
545 2379 823 2427 impurissimus
861 2379 1020 2415 eosdem
1048 2378 1132 2415 illos
1170 2378 1264 2416 deos
1298 2379 1443 2424 nefario
