1587 2533
513 106 670 135 GREEK
699 103 981 135 ANECDOTES.
1351 105 1369 133 1
1379 105 1399 146 7

92 200 320 248 age1·emus,'
359 199 490 249 inquit,
530 200 648 236 ‘vitae
682 199 847 243 beatum,
882 204 919 235 et
956 196 1135 235 eumdem
1169 208 1391 245 supremum

89 264 204 310 diem,
225 265 484 302 scribebamus
503 263 608 302 haec.
649 263 766 301 Tanti
786 269 913 301 autem
933 263 1056 300 morbi
1076 262 1234 299 aderant
1253 262 1402 298 vesicae

48 341 65 371 5
86 337 123 367 et
151 330 348 376 viscerum,
369 337 410 367 ut
437 330 529 367 nihil
558 330 608 367 ad
636 341 770 367 eorum
798 327 1104 377 magnitudinem
1133 333 1265 376 posset
1293 338 1402 364 acce-

87 393 200 432 dere.'
257 394 444 433 Miserum
472 395 693 432 hominem!
734 394 773 431 Si
802 393 911 431 dolor
940 405 1134 430 summum
1162 392 1305 429 malum
1335 399 1402 439 est,

88 459 162 497 dici
183 460 288 497 aliter
314 472 394 497 non
417 466 554 510 potest.
613 459 689 497 Sed
723 459 923 498 audiamus
954 460 1104 508 ipsum:
1137 457 1401 507 ‘Compensa-

87 524 218 570 batur,’
238 525 370 574 inquit,
392 528 545 562 ‘tamen
568 537 656 562 cum
686 524 742 562 his
767 525 946 562 omnibus
974 524 1091 562 animi
1112 523 1261 569 laetitia,
1284 535 1400 572 quam

85 589 284 638 capiebam
303 590 490 627 memoria
509 590 700 627 rationum
720 590 1038 639 inventorumque
1059 596 1288 627 nostrorum.
1327 587 1403 625 Sed

32 667 66 688 10
86 661 136 701 tu,
156 662 196 692 ut
217 655 378 704 dignum
397 662 455 693 est
484 661 548 692 tua
574 667 664 704 erga
687 667 749 692 me
777 662 814 693 et
840 668 932 705 erga
958 654 1243 705 philosophiam
1270 653 1401 692 volun-

85 726 160 758 tate
198 721 246 758 ab
285 721 569 758 adolescentulo
609 727 798 770 suscepta,
840 720 899 758 fac
937 727 980 758 ut
1017 720 1232 758 Metrodori
1274 726 1402 757 tueare

86 786 244 824 liberos.'
287 785 379 823 Non
400 798 474 835 ego
495 787 570 823 iam
591 785 898 836 Epaminondae,
919 798 999 824 non
1020 786 1216 823 Leonidae
1237 792 1402 823 mortem

85 852 196 889 huius
216 852 330 889 morti
350 858 547 901 antepono
559 865 569 899 3
600 864 764 901 quorum
784 852 877 889 alter
897 864 1016 901 quum
1036 851 1188 889 vicisset
1209 850 1403 888 Lacedae-

85 918 238 955 monios
257 918 362 967 apud
382 917 631 963 Mantineam,
653 924 767 967 atque
787 917 868 967 ipse
889 917 993 967 gravi
1013 917 1166 954 vulnere
1193 916 1402 954 exanimari

31 997 65 1028 ¹5
86 994 126 1020 se
162 983 315 1028 videret,
353 989 394 1020 ut
431 983 597 1032 primum
636 982 810 1032 dispexit,
850 983 1036 1032 quaesivit
1078 982 1258 1021 salvusne
1304 988 1403 1019 esset

86 1048 266 1098 clypeus?
323 1047 455 1094 Quum
495 1048 640 1086 salvum
689 1060 772 1087 esse
816 1048 951 1086 flentes
998 1049 1055 1086 sui
1102 1048 1403 1096 respondissent,

87 1114 244 1162 rogavit,
283 1119 460 1151 essentne
499 1113 573 1151 fusi
610 1113 769 1151 hostes?
838 1113 1049 1162 Quumque
1088 1113 1128 1150 id
1165 1105 1332 1162 quoque,
1364 1118 1406 1149 ut

87 1181 296 1236 cupiebat,⁴
315 1180 529 1226 audivisset,
568 1180 674 1217 evelli
713 1180 820 1217 iussit
858 1192 943 1217 eam
983 1192 1058 1229 qua
1096 1187 1176 1217 erat
1220 1179 1404 1217 tranfixus

88 1245 248 1283 hastam.
305 1245 363 1282 Ita
390 1245 510 1283 multo
541 1246 728 1294 sanguine
758 1245 929 1294 profuso,
959 1245 998 1282 in
1027 1245 1167 1283 laetitia
1196 1251 1233 1282 et
1262 1245 1302 1282 in
1331 1244 1406 1281 vic-

31 1327 70 1349 20
88 1312 184 1349 toria
204 1317 262 1349 est
283 1318 469 1348 mortuus.
533 1310 726 1349 Leonidas
747 1317 886 1357 autem,
907 1323 974 1348 rex
994 1311 1405 1352 Lacedaemoniorum,

89 1390 130 1415 se
149 1377 188 1414 in
214 1376 485 1426 Thermopylis
514 1382 781 1425 trecentosque
813 1389 892 1422 eos,
922 1389 1021 1426 quos
1048 1376 1229 1414 eduxerat
1261 1376 1406 1425 Sparta,

90 1454 210 1492 quum
244 1449 345 1480 esset
383 1441 582 1491 proposita
619 1448 683 1479 aut
721 1442 813 1490 fuga
850 1443 968 1492 turpis
1007 1448 1072 1480 aut
1097 1442 1264 1492 gloriosa
1290 1453 1406 1487 mors,

92 1508 275 1557 opposuit
311 1507 497 1545 hostibus.
573 1506 793 1544 Praeclarae
831 1514 974 1546 mortes
1013 1514 1100 1545 sunt
1129 1507 1406 1557 imperatoriae.

94 1573 318 1624 Philosophi
337 1580 464 1618 autem
485 1573 524 1610 in
544 1573 621 1610 suis
640 1573 785 1611 lectulis
806 1573 1029 1624 plerumque
1048 1573 1272 1612 moriuntur.

445 1715 511 1749 22.
550 1710 673 1748 Death
702 1711 810 1749 better
837 1712 928 1749 than
955 1711 1056 1763 Lfi.

147 1829 322 1868 Deorum
341 1828 613 1866 immortalium
633 1828 771 1866 iudicia
789 1829 913 1867 solent
932 1829 970 1866 in
998 1828 1138 1867 scholis
1168 1829 1336 1879 proferre
1361 1829 1408 1867 de

94 1901 228 1941 morte,
265 1906 337 1932 nec
373 1906 463 1931 vero
501 1906 547 1931 ea
585 1894 729 1944 fingere
768 1895 851 1944 ipsi,
890 1894 959 1932 sed
997 1894 1202 1933 Herodoto
1242 1902 1408 1942 auctore,

98 1962 260 2011 aliisque
296 1960 478 2011 pluribus.
560 1960 729 1998 Primum
768 1961 909 2010 Argiae
947 1962 1154 1999 sacerdotis
1188 1961 1343 2000 Cleobis
1375 1969 1410 2000 et

96 2027 213 2065 Biton
250 2026 314 2064 filii
352 2025 629 2076 praedicantur.
699 2026 803 2064 Nota
835 2026 964 2064 fabula
998 2034 1064 2065 est.
1141 2026 1273 2074 Quum
1308 2028 1409 2065 enim

54 2107 72 2139 5
92 2093 198 2131 illam
218 2092 268 2130 ad
289 2091 474 2130 sollemne
500 2098 537 2130 et
560 2099 699 2130 statum
729 2092 953 2130 sacrificium
980 2105 1091 2130 curru
1116 2093 1201 2130 vehi
1228 2094 1285 2131 ius
1309 2102 1410 2132 esset

94 2159 185 2197 satis
222 2158 338 2208 longe
376 2158 425 2195 ab
455 2157 602 2207 oppido
626 2157 675 2195 ad
703 2157 847 2204 fanum,
873 2165 1186 2208 morarenturque
1213 2159 1409 2198 iumenta:

95 2230 189 2262 tunc
211 2225 366 2261 iuvenes
393 2223 428 2270 ii,
449 2235 546 2273 quos
573 2223 693 2261 modo
725 2224 932 2270 nominavi,
957 2230 1060 2262 veste
1086 2225 1221 2273 posita,
1249 2237 1412 2274 corpora

98 2290 186 2328 oleo
226 2295 498 2340 perunxerunt,
537 2288 585 2327 ad
624 2289 755 2338 iugum
803 2296 1056 2327 accesserunt.
1139 2289 1198 2327 Ita
1231 2290 1411 2338 sacerdos

96 2355 258 2394 advecta
277 2355 316 2392 in
335 2354 479 2400 fanum,
500 2366 618 2404 quum
638 2366 770 2392 currus
798 2361 899 2393 esset
928 2354 1064 2392 ductus
1093 2367 1115 2392 a
1143 2355 1239 2402 filiis,
1258 2362 1412 2405 precata

748 2430 770 2458 c
