1587 2533
147 105 199 158 58
491 115 737 146 EXTRACTS
764 117 900 148 FROM
929 119 1108 150 CICERO.

585 319 624 352 7.
661 314 696 350 A
729 314 830 351 Faz'r
857 314 1026 353 Foeman.

203 460 336 507 Quum
356 473 423 498 rex
453 460 618 510 Pyrrhus
638 461 784 511 populo
814 461 994 500 Romano
1024 463 1164 500 beilum
1191 463 1288 501 ultro
1316 463 1459 501 intulis-

151 531 218 571 set,
239 537 435 574 quumque
456 525 504 563 de
524 526 684 575 imperio
711 533 901 564 certamen
928 534 1028 564 esset
1047 540 1135 564 cum
1154 540 1243 577 rege
1269 539 1459 577 generoso

145 602 190 627 ac
219 597 388 638 potente,
419 591 582 640 perfuga
601 592 649 629 ab
679 603 726 629 eo
746 592 847 630 venit
874 592 913 629 in
934 599 1056 629 castra
1084 592 1246 630 Fabricii
1266 593 1376 642 eique
1401 598 1459 630 est

145 655 348 703 pollicitus,
378 656 409 693 si
438 656 653 705 praemium
682 656 752 694 sibi
781 657 983 706 posuisset,
1014 668 1067 702 se,
1096 664 1136 694 ut
1164 657 1263 695 clam
1281 657 1457 703 venisset,

144 719 197 756 sic
226 719 324 756 clam
357 720 396 757 in
430 720 562 770 Pyrrhi
595 728 718 759 castra
745 722 951 759 rediturum
981 728 1018 759 et
1050 734 1139 759 eum
1168 733 1317 759 veneno
1344 733 1489 766 neca-5

146 791 283 823 turum.
353 784 472 823 Hunc
502 786 698 824 Fabricius
726 787 986 824 reducendum
1015 787 1157 824 curavit
1184 787 1233 825 ad
1261 787 1457 836 Pyrrhum,

146 850 260 899 idque
281 850 361 888 eius
381 850 523 888 factum
543 852 737 889 laudatum
758 864 780 889 a
800 859 933 889 senatu
952 858 1021 890 est.

532 1014 574 1048 8.
612 1010 648 1047 A
681 1009 847 1047 Murder
873 1011 1082 1048 discovered.

199 1124 324 1161 Strato
373 1124 558 1170 medicus,
598 1136 727 1162 servus
777 1124 937 1168 Sassiae,
977 1126 1084 1163 dorni
1122 1125 1262 1163 furtum
1299 1125 1387 1164 fecit
1422 1134 1460 1164 et

146 1189 306 1227 caedem
344 1189 545 1227 eiusmodi.
603 1189 735 1236 Quum
774 1198 872 1228 esset
909 1191 948 1227 in
982 1191 1140 1228 aedibus
1178 1190 1391 1236 armarium,
1421 1190 1460 1227 in

148 1266 225 1303 quo
256 1253 368 1291 sciret
396 1265 480 1291 esse
500 1266 748 1291 nummorum
777 1255 1013 1304 aliquantum
1041 1262 1079 1292 et
1106 1255 1197 1297 auri,
1217 1261 1335 1292 noctu
1363 1255 1460 1292 duos

147 1331 353 1357 conservos
383 1319 618 1357 dormientes
647 1319 787 1357 occidit
815 1320 854 1356 in
883 1320 1147 1370 piscinamque
1176 1319 1331 1358 deiecit:
1378 1320 1460 1369 ipse

148 1384 298 1422 armarii
326 1383 488 1421 fundum
517 1385 686 1422 exsecuit
714 1392 751 1422 et
772 1384 867 1422 H.S.
890 1385 934 1431 cl,
957 1391 993 1422 et
1022 1385 1101 1421 auri
1130 1385 1298 1434 quinque
1326 1385 1459 1434 pondo
1477 1399 1495 1431 5

146 1449 309 1494 abstulit,
343 1461 422 1486 uno
455 1461 503 1486 ex
537 1450 654 1487 servis
687 1461 808 1500 puero
841 1462 918 1488 non
951 1450 1087 1499 grandi
1115 1450 1285 1487 conscio.
1342 1449 1460 1488 Furto

145 1515 327 1564 postridie
365 1514 533 1564 cognito,
572 1515 698 1552 omnis
737 1515 904 1564 suspicio
936 1515 975 1552 in
1013 1526 1081 1552 eos
1114 1526 1243 1552 servos
1276 1515 1342 1563 qui
1379 1526 1459 1552 non

146 1580 421 1629 comparebant
450 1580 775 1619 commovebatur.
832 1580 964 1626 Quum
993 1580 1162 1617 exsectio
1191 1579 1254 1617 illa
1283 1579 1390 1617 fundi
1420 1580 1459 1617 in

146 1645 309 1682 armario
330 1645 702 1691 animadverteretur,
723 1646 957 1695 quaerebant
968 1644 1144 1682 homines
1157 1656 1326 1693 quonam
1339 1644 1458 1682 modo

142 1710 221 1747 fieri
239 1710 436 1759 potuisset.
494 1709 664 1756 Quidam
684 1722 732 1748 ex
758 1711 890 1748 amicis
912 1710 1060 1748 Sassiae
1089 1709 1308 1747 recordatus
1328 1716 1395 1756 est,
1417 1722 1458 1748 se
1480 1722 1517 1744 10

144 1788 265 1825 nuper
284 1776 324 1812 in
344 1775 522 1813 auctione
551 1776 719 1826 quadam
739 1776 878 1813 vidisse
898 1776 937 1812 in
962 1776 1076 1812 rebus
1095 1775 1249 1812 minutis
1269 1774 1458 1812 aduncam

142 1853 190 1878 ex
218 1840 325 1878 omni
353 1847 460 1890 parte
490 1840 686 1878 dentatam
714 1846 752 1877 et
780 1847 993 1878 tortuosam
1012 1839 1139 1877 venire
1168 1839 1362 1885 serrulam,
1383 1851 1459 1889 qua

142 1906 234 1943 illud
261 1906 431 1955 potuisse
465 1905 516 1942 ita
550 1905 815 1943 circumsecari
843 1905 1042 1942 videretur.
1099 1902 1160 1941 Ne
1185 1904 1326 1942 multa:
1373 1916 1458 1954 per-

142 1971 300 2020 quiritur
329 1982 353 2007 a
385 1971 649 2007 coactoribus:
697 1970 885 2007 invenitur
918 1982 964 2007 ea
994 1968 1136 2007 serrula
1163 1969 1213 2007 ad
1241 1969 1457 2007 Stratonem

142 2036 370 2086 pervenisse.
430 2035 521 2073 Hoc
567 2035 676 2073 initio
727 2035 956 2084 suspicionis
1002 2040 1099 2080 orto,
1145 2041 1183 2072 et
1228 2041 1357 2084 aperte
1402 2034 1455 2071 in-
1481 2046 1516 2076 ¹5

145 2101 322 2139 simulato
353 2100 540 2146 Stratone,
575 2113 670 2150 puer
703 2100 763 2137 ille
796 2100 973 2138 conscius
1006 2099 1219 2148 pertimuit:
1262 2111 1343 2136 rem
1375 2110 1458 2136 om-

141 2178 231 2203 nem
261 2165 440 2203 dominae
474 2154 655 2203 indicavit
666 2179 676 2212 ;
716 2164 892 2203 homines
926 2165 966 2202 in
999 2165 1146 2214 piscina
1174 2164 1317 2201 inventi
1345 2169 1458 2201 sunt:

142 2231 266 2268 Strato
295 2230 336 2267 in
354 2229 503 2267 vincula
532 2231 728 2267 coniectus
757 2237 824 2276 est,
846 2237 959 2278 atque
989 2230 1103 2267 etiam
1123 2230 1163 2266 in
1192 2230 1348 2266 taberna
1376 2229 1458 2266 eius

141 2297 288 2333 nummi
322 2307 567 2345 nequaquam
601 2307 737 2332 omnes
770 2295 1018 2344 reperiuntur.
1076 2294 1203 2332 Strato
1236 2295 1276 2331 in
1305 2306 1458 2332 crucem

139 2369 246 2399 actus
267 2368 336 2398 est.
1479 2376 1519 2398 20
