1587 2533
123 107 218 147 Chap.
241 106 295 138 IV.
526 104 680 135 OMENS
710 104 809 134 AND
838 105 1042 137 DREAMS.
1361 111 1431 140 121

121 216 239 254 quum
272 203 469 241 oraculum
498 204 547 240 ab
576 202 667 240 Iove
696 202 915 240 Dodonaeo
943 204 1175 252 petivissent,
1204 204 1253 242 de
1283 205 1438 243 victoria

120 269 364 313 sciscitantes,
398 268 588 317 legatique
619 267 710 304 illud
742 268 780 304 in
814 280 891 317 quo
928 268 1075 305 inerant
1114 276 1234 306 sortes
1275 270 1437 308 colloca-

119 334 271 379 vissent,
297 333 415 379 simia,
437 345 553 382 quam
580 345 645 369 rex
674 332 937 370 Molossorum
964 334 1003 370 in
1033 334 1176 371 deliciis
1204 335 1380 380 habebat,
1401 342 1437 372 et

61 410 100 441 35
120 405 239 437 sortes
255 399 356 447 ipsas
372 405 409 435 et
429 405 564 444 cetera,
582 410 680 447 quae
701 404 808 434 erant
825 398 874 435 ad
895 405 1035 435 sortem
1053 406 1196 448 parata,
1215 400 1437 437 disturbavit

119 471 155 501 et
175 463 276 501 aliud
303 463 377 500 alio
406 463 611 511 dissipavit.
670 462 774 499 Tum
801 475 846 500 ea
872 474 970 511 quae
1000 465 1218 513 praeposita
1247 471 1326 502 erat
1352 477 1436 503 ora-

118 530 205 568 culo
234 529 416 567 sacerdos
445 529 584 567 dixisse
614 528 759 575 dicitur,
780 529 828 566 de
859 529 977 566 salute
1004 529 1322 568 Lacedaemoniis
1352 543 1435 569 esse

117 606 197 631 non
218 594 265 631 de
284 594 440 631 victoria
461 593 719 641 cogitandum.

119 680 121 682 ·
170 664 208 698 3.
238 659 344 706 Quid
361 660 374 696 ?
404 659 504 696 bello
521 658 668 696 Punico
682 659 853 696 secundo
867 671 998 697 nonne
1015 659 1059 697 C.
1074 660 1284 699 Flaminius
1301 662 1434 698 consul

57 744 99 775 40
116 725 252 762 iterum
282 725 450 774 neglexit
479 724 589 773 signa
622 736 748 761 rerum
786 724 997 761 futurarum
1032 737 1175 773 magna
1205 738 1294 762 cum
1328 727 1434 764 clade

116 789 376 839 reipublicae?
434 788 522 835 Qui,
549 789 717 826 exercitu
744 789 915 835 lustrato,
937 802 1057 838 quum
1083 790 1277 827 Arretium
1305 804 1434 829 versus

115 862 238 893 castra
265 855 446 892 movisset
474 861 510 891 et
539 860 672 891 contra
702 854 964 892 Hannibalem
994 856 1167 904 legiones
1198 857 1363 902 duceret,
1398 865 1434 894 et

113 921 195 969 ipse
215 926 252 957 et
272 931 392 969 equus
413 919 493 956 eius
514 926 600 956 ante
629 919 782 967 signum
809 920 911 958 Iovis
934 920 1092 958 Statoris
1124 922 1205 958 sine
1235 934 1351 959 causa
1376 934 1434 959 re-

114 991 228 1034 pente
248 985 427 1030 concidit,
449 997 523 1022 nec
553 996 639 1021 eam
667 996 749 1021 rem
770 984 901 1022 habuit
928 986 1114 1035 religioni,
1136 987 1286 1023 obiecto
1308 987 1431 1036 signo,

54 1067 94 1099 45
113 1056 154 1087 ut
179 1050 308 1100 peritis
331 1050 536 1095 videbatur,
563 1061 611 1086 ne
639 1050 894 1087 committeret
923 1051 1120 1100 praelium.
1178 1051 1288 1088 Idem
1313 1065 1430 1101 quum

113 1115 278 1165 tripudio
299 1115 567 1164 auspicaretur,
589 1114 769 1163 pullarius
789 1115 891 1152 diem
907 1116 1036 1164 praelii
1067 1117 1331 1154 committendi
1362 1117 1430 1155 dif—

113 1180 268 1218 ferebat.
325 1181 430 1218 Tum
445 1180 653 1217 Flaminius
670 1192 717 1217 ex
734 1192 781 1217 eo
795 1181 990 1230 quaesivit,
1008 1181 1040 1219 si
1060 1194 1109 1219 ne
1125 1189 1260 1231 postea
1275 1183 1430 1232 quidem

113 1246 206 1297 pulli
226 1251 482 1295 pascerentur,
503 1245 596 1293 quid
616 1245 834 1283 faciendum
856 1254 1039 1285 censeret.
1098 1247 1232 1294 Quum
1262 1248 1321 1285 ille
1348 1249 1429 1298 qui-

113 1311 322 1349 escendum
341 1310 614 1360 respondisset,
636 1310 845 1348 Flaminius
864 1323 872 1348 :
902 1315 910 1330 ‘
929 1312 1128 1350 Praeclara
1144 1325 1233 1350 vero
1250 1315 1430 1363 auspicia,

55 1390 96 1422 50
113 1377 144 1414 si
173 1376 424 1414 esurientibus
453 1375 564 1424 pullis
592 1388 652 1413 res
681 1376 761 1424 geri
790 1378 939 1425 poterit,
971 1379 1105 1416 saturis
1134 1379 1227 1415 nihil
1256 1377 1429 1428 geretur.’

112 1441 248 1491 Itaque
269 1441 379 1489 signa
397 1440 568 1486 convelli,
589 1446 625 1478 et
647 1453 685 1478 se
700 1442 807 1490 sequi
828 1442 945 1480 iussit.
1004 1443 1094 1490 Quo
1111 1450 1296 1493 tempore,
1313 1456 1430 1494 quum

113 1506 269 1556 signifer
294 1506 405 1555 primi
435 1505 572 1543 hastati
597 1506 751 1555 signum
780 1520 860 1545 non
889 1516 1022 1557 posset
1050 1522 1205 1547 movere
1235 1510 1334 1556 loco,
1356 1523 1428 1548 nec

113 1572 323 1622 quidquam
353 1572 600 1620 proficeretur
631 1572 757 1621 plures
787 1585 908 1622 quum
939 1575 1177 1621 accederent,
1208 1575 1428 1622 Flaminius,

113 1649 153 1674 re
174 1637 356 1683 nuntiata,
378 1648 447 1674 suo
467 1649 574 1674 more
594 1637 773 1686 neglexit.
832 1639 967 1688 Itaque
988 1641 1107 1677 tribus
1128 1640 1231 1677 horis
1252 1641 1429 1679 concisus

56 1713 94 1744 55
113 1702 311 1748 exercitus,
341 1708 456 1751 atque
485 1702 567 1751 ipse
596 1702 814 1741 interfectus
841 1711 908 1742 est.
968 1705 1160 1754 Magnum
1186 1706 1278 1743 illud
1305 1707 1430 1753 etiam,

113 1767 220 1818 quod
239 1767 384 1805 addidit
414 1767 577 1810 Caelius,
598 1780 645 1805 eo
675 1775 848 1817 tempore
869 1770 965 1819 ipso,
987 1761 1106 1820 quum
1132 1770 1207 1808 hoc
1236 1771 1430 1809 calamito-

112 1845 197 1871 sum
218 1833 323 1870 fieret
342 1833 538 1882 praelium,
560 1839 687 1871 tantos
708 1840 828 1872 terrae
856 1841 984 1873 motus
1011 1837 1050 1872 in
1072 1836 1275 1885 Liguribus
1306 1836 1429 1875 Gallia

112 1898 451 1947 compluribusque
472 1898 602 1935 insulis
622 1904 779 1949 totaque
800 1900 839 1937 in
863 1900 972 1937 Italia
992 1900 1114 1938 factos
1135 1913 1230 1948 esse,
1251 1907 1292 1939 ut
1312 1903 1429 1940 multa

112 1964 257 2013 oppida
287 1963 507 2010 corruerint,
543 1963 670 2001 multis
709 1963 804 2002 locis
837 1965 941 2003 labes
971 1965 1093 2003 factae
1128 1966 1202 2003 sint
1233 1973 1428 2019 terraeque

53 2037 95 2070 60
112 2028 329 2067 desederint
348 2027 582 2077 fluminaque
604 2029 644 2066 in
670 2031 878 2068 contrarias
899 2038 1025 2080 partes
1051 2031 1227 2070 fluxerint
1255 2040 1370 2083 atque
1391 2036 1428 2071 in

111 2106 244 2132 amnes
263 2105 367 2131 mare
388 2093 588 2131 influxerit.

164 2163 204 2197 4.
233 2160 349 2197 Fiunt
368 2166 469 2198 certe
491 2160 768 2198 divinationum
790 2162 1031 2200 coniecturae
1052 2175 1075 2200 a
1098 2163 1238 2212 peritis.
1297 2163 1427 2203 Midae

110 2227 160 2264 illi
179 2226 359 2276 Phrygio,
379 2238 498 2275 quum
518 2239 613 2276 puer
633 2234 743 2273 esset,
766 2228 968 2265 dormienti
989 2228 1171 2267 formicae
1192 2230 1231 2267 in
1253 2242 1297 2268 os
1318 2233 1426 2269 tritici

110 2303 228 2341 grana
249 2298 534 2340 congesserunt.
565 2291 841 2330 Divitissimum
863 2293 943 2330 fore
964 2295 1201 2343 praedictum
1222 2302 1300 2333 est:
1323 2297 1426 2346 quod

52 2362 93 2403 65
110 2357 245 2395 evenit.
299 2357 352 2395 At
371 2357 529 2404 Platoni,
547 2369 666 2407 quum
686 2358 725 2395 in
746 2359 854 2396 cunis
875 2359 1032 2408 parvulo
1048 2360 1252 2398 dormienti
1274 2374 1367 2411 apes
1387 2362 1426 2400 in

752 2436 777 2462 K
