1587 2533
125 102 180 141 60
470 113 713 144 EXTRACTS
742 114 877 144 FROM
906 113 1085 144 CICERO.

125 206 334 256 quintoque
363 219 466 244 anno
486 214 574 256 post
602 207 652 244 ad
673 206 893 244 Tarentum.
953 206 1144 253 Quaestor
1174 204 1311 242 deinde
1341 215 1435 253 qua-

125 272 297 310 driennio
335 279 424 321 post
461 272 581 310 factus
613 284 719 309 sum:
763 285 878 321 quem
912 272 1175 321 magistratum
1208 270 1308 320 gessi
1344 281 1437 307 con-

124 337 265 375 sulibus
292 337 487 375 Tuditano
517 343 554 374 et
583 336 768 386 Cethego,
790 349 909 386 quum
938 337 1093 387 quidem
1122 335 1194 381 ille,
1225 333 1436 372 admodum
1463 347 1498 368 10

123 415 251 449 senex,
273 415 406 441 suasor
425 403 519 452 legis
540 402 696 440 Cinciae
717 402 764 439 de
784 402 895 440 donis
915 408 952 440 et
978 401 1198 438 muneribus
1219 400 1297 438 fuit.
1358 399 1436 436 Hic

123 473 159 504 et
179 467 276 505 bella
303 468 459 517 gerebat
477 474 519 504 ut
547 466 781 513 adolescens,
803 479 921 516 quum
949 467 1063 516 plane
1092 464 1245 515 grandis
1266 471 1378 510 esset,
1399 469 1438 501 et

124 531 385 569 Hannibalem
404 532 611 570 iuveniliter
635 533 888 570 exsultantem
914 532 1095 582 patientia
1115 542 1183 568 sua
1206 530 1426 568 molliebatz

124 596 170 634 de
190 609 268 646 quo
288 598 479 647 praeclare
500 596 692 635 familiaris
713 604 843 634 noster
863 596 1035 634 Ennius:

336 701 419 730 Unus
442 701 536 730 homo
560 702 644 730 nobis
667 701 836 731 cunctando
861 700 992 730 restituit
1017 710 1090 730 rem.
1457 701 1494 732 ¹5

334 755 404 785 Non
429 756 565 794 ponebat
590 756 670 785 enirn
694 765 828 785 rumores
853 761 922 784 ante
946 755 1082 784 salutern.

336 809 415 850 Ergo
438 816 565 849 postque
589 810 745 851 magisque
770 810 824 839 viri
847 819 926 838 nunc
949 809 1043 849 gloria
1067 809 1167 838 claret.

121 919 334 956 Tarentum
362 931 452 956 vero
481 931 557 968 qua
576 919 778 968 vigilantia,
809 930 886 968 quo
916 917 1075 956 consilio
1104 916 1267 965 recepit!
1318 928 1437 965 quum

121 984 287 1033 quidem,
307 996 369 1022 me
399 984 587 1030 audiente,
616 985 827 1031 Salinatori,
849 984 914 1033 qui
943 983 1085 1021 amisso
1114 983 1260 1032 oppido
1289 982 1438 1031 fugerat

120 1050 159 1086 in
183 1061 321 1095 arcem,
341 1049 517 1099 glorianti
545 1056 659 1100 atque
688 1051 738 1087 ita
767 1050 930 1087 dicenti:
971 1048 1086 1087 ‘Mea
1111 1060 1240 1098 opera,
1262 1047 1312 1095 Q.
1330 1047 1436 1094 Fabi,
1456 1060 1496 1082 20

120 1114 332 1152 Tarentum
361 1115 535 1164 recepisti
548 1115 569 1153 :'
613 1114 773 1161 ‘Certe,’
803 1114 923 1170 inquit
952 1114 1263 1159 riden‚s.‚:„‡nam
1296 1113 1368 1150 nisi
1396 1118 1437 1150 tu

120 1166 884 1234 amisisses&-bnurnquambnqrEepfflissfems
969 1179 1053 1217 Nee
1099 1191 1190 1217 vero
1236 1179 1275 1216 in
1322 1177 1436 1216 armis

119 1232 373 1294 praestarffior
403 1257 519 1295 quam
550 1245 590 1282 in
624 1252 715 1294 toga
726 1257 735 1291 ;
781 1245 856 1294 qui,
891 1244 1025 1282 consul
1065 1244 1212 1290 iterum,
1245 1244 1310 1293 Sp.
1343 1242 1436 1281 Car-

119 1310 206 1348 vilio
235 1310 382 1360 collega
414 1310 644 1360 quiescente,
678 1310 721 1348 C.
756 1310 944 1347 Flaminio
974 1310 1127 1367 tribuno
1156 1309 1278 1359 plebis
1308 1308 1436 1359 quoad

119 1375 242 1426 potuit
272 1376 416 1421 restitit,
450 1388 585 1425 agrum
618 1375 814 1414 Picentem
848 1382 885 1413 et
919 1374 1108 1413 Gallicum
1137 1375 1275 1413 viritim
1303 1382 1434 1413 contra
1457 1388 1493 1419 25

120 1447 274 1478 senatus
294 1441 556 1478 auctoritatem
584 1440 786 1488 dividenti3
817 1453 1012 1490 augurque
1039 1453 1158 1490 quum
1178 1447 1289 1486 esset,
1311 1433 1436 1478 dicere

118 1518 233 1543 ausus
271 1513 327 1543 est
365 1506 520 1555 optimis
559 1506 738 1555 auspiciis
776 1517 821 1542 ea
853 1506 934 1554 geri
968 1518 1065 1555 quae
1096 1518 1166 1555 pro
1205 1506 1437 1555 reipublicae

119 1572 238 1609 salute
294 1579 534 1621 gererentur;
593 1584 691 1622 quae
739 1578 874 1609 contra
929 1572 1205 1621 rempublicam
1252 1572 1437 1610 ferrentur

118 1646 250 1676 contra
278 1638 446 1687 auspicia
474 1638 573 1675 ferri.
630 1637 753 1675 Multa
781 1638 820 1675 in
849 1649 896 1675 eo
924 1637 1003 1675 viro
1037 1638 1229 1687 praeclara
1249 1638 1436 1687 cognovi:

119 1704 186 1741 sed
214 1704 307 1741 nihil
336 1710 392 1741 est
421 1703 690 1749 admirabilius,
720 1715 836 1753 quam
865 1703 1063 1753 quomodo
1092 1703 1153 1741 ille
1181 1710 1345 1741 mortem
1373 1704 1437 1741 filii
1453 1716 1496 1746 30

118 1769 212 1815 tulit,
252 1769 341 1806 clari
378 1769 444 1806 viri
482 1776 520 1806 et
557 1768 775 1807 consularis.
848 1768 917 1805 Est
954 1768 994 1805 in
1033 1768 1210 1806 manibus
1247 1769 1437 1807 laudatio:

119 1846 236 1884 quam
270 1846 390 1883 quum
423 1834 599 1883 legimus,
634 1845 749 1883 quern
793 1833 1070 1883 philosophum
1103 1846 1184 1872 non
1224 1836 1438 1872 contemni-

117 1900 229 1937 mus?
268 1898 352 1937 Nec
386 1911 476 1937 vero
510 1899 570 1937 ille
604 1899 643 1936 in
674 1899 757 1937 luce
789 1899 908 1936 modo
937 1906 1051 1948 atque
1080 1899 1119 1936 in
1148 1899 1268 1937 oeulis
1298 1900 1436 1937 civium

116 1976 293 2013 magnus,
315 1964 383 2002 sed
403 1965 503 2002 intus
526 1964 706 2014 domique
734 1964 994 2014 praestantior.
1052 1963 1130 2010 Qui
1151 1966 1299 2002 sermo!
1338 1977 1436 2014 quae

116 2030 341 2079 praecepta!
385 2036 528 2079 quanta
558 2030 691 2067 notitia
725 2029 979 2078 antiquitatis!
1024 2041 1122 2079 quae
1156 2030 1314 2067 scientia
1346 2031 1436 2069 iuris
1452 2038 1493 2070 35

116 2095 285 2145 augurii!
334 2094 479 2132 Multae
518 2096 642 2140 etiam,
680 2102 722 2133 ut
769 2095 809 2132 in
846 2095 1003 2132 homine
1046 2095 1240 2142 Romano,
1280 2096 1434 2134 litterae.

119 2160 262 2198 Omnia
295 2160 479 2197 memoria
513 2161 666 2197 tenebat
700 2172 780 2197 non
811 2159 1022 2197 domestica
1055 2159 1180 2197 solum
1219 2161 1287 2198 sed
1321 2162 1435 2198 etiam

117 2233 272 2263 externa
310 2225 419 2262 bella.
478 2224 596 2263 Cuius
645 2237 821 2262 sermone
863 2225 915 2262 ita
960 2231 1041 2263 tum
1088 2225 1226 2275 cupide
1273 2225 1433 2273 fruebar,

116 2291 225 2341 quasi
262 2291 339 2328 iarn
377 2290 596 2336 divinarem,
636 2290 675 2328 id
714 2290 819 2340 quod
856 2290 991 2336 evenit,
1030 2289 1094 2328 illo
1132 2291 1321 2329 exstincto
1351 2291 1433 2329 fore

117 2356 219 2393 unde
240 2355 426 2393 discerem
447 2356 654 2393 neminem.
968 2354 975 2359 ’
1450 2364 1493 2393 40
