1587 2533
189 80 242 117 66
533 89 775 119 EXTRACTS
805 90 940 121 ERoM
967 92 1148 127 CICERO.

192 181 236 218 iis
271 181 423 223 artibus,
455 194 550 231 quas
582 182 623 228 si,
659 183 751 220 dum
779 190 837 222 est
864 191 982 232 tener,
1014 185 1249 232 combiberit,
1278 185 1328 224 ad
1355 188 1500 224 maiora

190 246 313 283 veniet
331 246 519 295 paratior.'

242 313 252 331 ‘
266 310 350 348 Sic:
381 318 418 348 et
438 312 593 360 quidem
614 312 830 362 diligentius
851 315 1075 364 saepiusque
1095 315 1167 352 ista
1185 315 1386 365 loquemur
1404 317 1499 353 inter

191 388 275 422 nos,
297 388 531 425 agemusque
553 378 830 415 communiter.'

240 444 249 461 ‘
264 441 340 478 Sed
359 442 615 488 resideamus,'
637 443 768 491 inquit,
792 447 800 462 ⁴
814 444 845 481 si
865 442 1010 492 placet.'
1067 443 1200 500 Itaque
1220 444 1390 491 fecimus.
1515 458 1556 486 40

544 566 608 601 14.
657 563 829 601 Varz'elz'es
856 565 904 613 os
926 564 1140 602 Character.

237 649 533 698 Intelligendum
553 656 610 688 est
630 650 778 688 duabus
804 652 912 700 quasi
932 665 1004 690 nos
1034 666 1056 690 a
1075 660 1209 690 natura
1235 652 1389 690 indutos
1409 664 1493 691 esse

183 716 369 764 personis,
390 727 551 764 quarum
570 728 646 752 una
666 717 882 755 communis
903 724 970 764 est,
991 730 1038 755 ex
1062 730 1109 755 eo
1131 717 1236 766 quod
1256 729 1391 755 omnes
1411 730 1494 767 par-

182 779 315 829 ticipes
336 792 466 818 sumus
485 781 653 825 rationis,
674 782 1002 831 praestantiaeque
1029 783 1122 828 eius,
1144 795 1218 832 qua
1237 782 1496 820 antecellimus

184 845 327 892 bestiis,
349 846 466 883 altera
493 853 632 892 autem,
658 858 754 895 quae
783 848 936 897 proprie
966 848 1123 897 singulis
1153 855 1210 885 est
1237 848 1387 885 tributa.
1443 847 1496 885 Ut

186 912 291 949 enim
311 912 350 949 in
369 913 593 961 corporibus
613 924 775 962 magnae
800 913 1122 951 dissimilitudines
1143 920 1253 950 sunt:
1284 913 1378 951 alios
1393 913 1495 951 vide-
1512 927 1529 957 5

184 989 270 1015 mus
290 977 486 1015 velocitate
507 978 555 1015 ad
576 990 739 1024 cursum,
761 978 854 1015 alios
873 978 1012 1016 viribus
1032 978 1081 1016 ad
1106 978 1328 1016 luctandum
1348 978 1468 1017 valere
1486 991 1495 1016 ι

179 1043 348 1092 itemque
377 1043 416 1080 in
445 1042 579 1080 formis
609 1043 689 1081 aliis
719 1043 942 1092 dignitatern
972 1044 1108 1086 inesse,
1131 1044 1211 1081 aliis
1236 1049 1493 1081 venustatem:

180 1107 233 1145 sie
272 1108 312 1145 in
350 1109 486 1145 animis
518 1109 686 1146 existunt
717 1109 882 1147 maiores
916 1110 1030 1147 etiam
1064 1110 1272 1146 varietates.
1328 1108 1419 1146 Erat
1456 1109 1494 1146 in

182 1172 225 1210 L.
248 1172 401 1218 Crasso,
423 1173 461 1210 in
480 1173 525 1210 L.
548 1173 724 1223 Philippo
745 1174 885 1212 multus
905 1174 1035 1224 lepos;
1069 1175 1191 1212 maior
1211 1174 1335 1220 etiam,
1355 1174 1494 1223 magis-

179 1250 252 1287 que
275 1239 321 1276 de
344 1238 534 1284 industria,
556 1239 594 1276 in
617 1238 659 1276 C.
682 1239 857 1285 Caesare,
879 1240 921 1277 L.
944 1240 985 1277 F.
1033 1240 1085 1277 At
1105 1240 1240 1277 iisdem
1260 1240 1495 1288 temporibus
1514 1251 1551 1272 10

176 1303 215 1340 in
238 1303 292 1341 M.
311 1303 455 1341 Scauro
475 1311 512 1341 et
533 1305 571 1341 in
591 1303 646 1341 M.
663 1304 792 1342 Druso
813 1305 1055 1342 adolescente
1077 1304 1275 1354 singularis
1295 1304 1472 1342 severitas
1484 1317 1494 1350 ;

177 1368 215 1405 in
236 1369 280 1406 C.
298 1369 428 1407 Laelio
444 1369 562 1406 multa
577 1369 742 1407 hilaritas
755 1383 764 1416 ;
803 1370 842 1407 in
857 1371 936 1407 eius
954 1370 1126 1407 familiari
1144 1369 1321 1418 Scipione
1337 1369 1493 1407 ambitio

177 1435 308 1480 maior,
329 1436 403 1472 vita
431 1436 580 1473 tristior.
638 1434 698 1471 De
720 1434 878 1472 Graecis
907 1442 1045 1481 autem,
1068 1434 1219 1472 dulcem
1248 1442 1285 1471 et
1313 1433 1491 1480 facetum,

176 1499 372 1550 festivique
412 1501 610 1545 sermonis,
649 1507 763 1549 atque
800 1501 839 1536 in
876 1501 982 1538 omni
1016 1500 1186 1538 oratione
1220 1499 1490 1546 simulatorem,

179 1577 295 1614 quem
335 1566 452 1613 εἴρωνα
491 1565 629 1603 Graeci
668 1565 973 1612 nominaverunt,
1014 1565 1212 1603 Socratem
1249 1565 1490 1614 accepimus:
1511 1582 1545 1613 ¹5

177 1638 310 1668 contra
329 1630 586 1680 Pythagoram
617 1637 653 1667 et
673 1630 857 1668 Periclem
887 1643 1076 1668 summam
1105 1631 1371 1668 auctoritatem
1399 1641 1490 1667 con-

175 1703 327 1734 secutos
357 1696 438 1734 sine
467 1695 541 1732 ulla
570 1695 765 1732 hilaritate.
823 1694 1011 1733 Callidum
1042 1695 1302 1732 Hannibalem
1327 1707 1374 1732 ex
1393 1695 1490 1733 Poe-

173 1773 323 1809 norum,
358 1774 406 1799 ex
440 1762 579 1799 nostris
614 1761 773 1799 ducibus
803 1760 853 1808 Q.
884 1761 1100 1798 Maximum
1134 1762 1352 1811 accepimus
1381 1761 1489 1800 facile

173 1827 308 1872 celare,
329 1834 464 1872 tacere,
487 1826 734 1871 dissimulare,
757 1827 935 1872 insidiari,
957 1827 1177 1876 praecipere
1202 1826 1370 1864 hostium
1396 1838 1487 1864 con-

175 1892 265 1930 silia.
324 1892 372 1930 In
407 1905 483 1942 quo
522 1905 661 1941 genere
698 1891 835 1929 Graeci
872 1891 1176 1929 Themistoclem
1208 1899 1245 1929 et
1276 1891 1487 1929 Pheraeum
1507 1911 1545 1932 20
1586 1912 1587 1933 i

175 1957 354 1995 Iasonem
375 1959 508 1996 ceteris
535 1965 795 2007 anteponunt:
830 1959 869 1995 in
889 1958 1096 2007 primisque
1117 1963 1308 1995 versutum
1333 1964 1370 1994 et
1389 1957 1487 1994 calli-

175 2023 267 2060 dum
287 2024 429 2061 sactum
452 2023 616 2069 Solonis,
638 2024 713 2073 qui,
735 2036 813 2072 quo
834 2030 871 2061 et
890 2024 1003 2061 tutior
1022 2024 1097 2060 vita
1116 2023 1196 2060 eius
1216 2029 1327 2068 esset,
1348 2029 1385 2059 et
1404 2022 1487 2071 plus

174 2088 367 2137 aliquanto
388 2089 617 2138 reipublicae
634 2089 844 2142 prodesset,
861 2087 980 2125 furere
1001 2100 1041 2126 se
1059 2087 1254 2125 simulavit.
1315 2086 1411 2124 Sunt
1429 2086 1487 2124 his

174 2153 234 2190 alii
254 2154 416 2191 multum
438 2155 620 2204 dispares,
642 2153 833 2203 simplices
854 2160 890 2191 et
911 2154 1040 2202 aperti,
1063 2153 1126 2202 qui
1146 2152 1238 2190 nihil
1258 2165 1305 2189 ex
1324 2151 1487 2198 occulto,

171 2218 264 2255 nihil
294 2219 439 2257 insidiis
470 2220 663 2268 agendum
692 2225 838 2268 putant,
859 2219 1023 2256 veritatis
1052 2218 1226 2263 cultores,
1250 2217 1391 2254 fraudis
1419 2216 1489 2253 ini·
1507 2234 1542 2266 25

175 2284 265 2320 mici
277 2297 286 2330 ;
318 2284 484 2333 itemque
507 2284 578 2330 alii,
595 2285 660 2333 qui
680 2283 826 2333 quidvis
842 2284 1110 2333 perpetiantur,
1127 2283 1243 2320 cuivis
1263 2281 1486 2327 deserviant,

175 2348 277 2393 dum,
300 2349 404 2399 quod
431 2349 556 2394 velint,
588 2355 896 2398 consequantur:
934 2355 976 2387 ut
1006 2347 1148 2386 Sullam
1168 2354 1206 2385 et
1229 2346 1284 2385 M.
1306 2345 1487 2384 Crassum
