1587 2533
145 89 224 132 268
494 98 738 130 EXTRACTS
769 98 904 128 FRoM
932 98 1112 129 CICERO.
1323 99 1400 130 sect.
1417 98 1456 130 v.

143 199 324 247 religione
352 206 563 244 moventur,
585 205 621 236 et
648 198 742 235 deos
770 198 925 247 patrios,
947 209 1045 247 quos
1071 209 1094 234 a
1113 196 1321 234 maioribus
1348 209 1457 234 acce-

142 271 292 312 perunt,
306 264 489 301 colendos
511 264 580 300 sibi
601 263 797 311 diligenter
817 269 854 299 et
873 262 1092 299 retinendos
1113 273 1196 298 esse
1216 262 1456 299 arbitrantur:

143 328 281 365 deinde
307 328 368 365 hic
395 335 561 372 ornatus,
583 327 677 364 haec
705 339 822 375 opera
846 333 958 376 atque
980 326 1145 371 artificia,
1168 326 1286 374 signa,
1307 326 1457 362 tabulae

142 392 265 440 pictae
291 392 462 429 Graecos
491 391 666 428 homines
696 391 814 427 nimio
843 402 959 439 opere
989 390 1188 426 delectant.
1247 389 1381 438 Itaque
1409 402 1456 426 ex

142 457 291 493 illorum
321 456 567 505 querimoniis
597 456 803 504 intelligere
829 467 1047 504 possumus,
1075 454 1170 491 haec
1196 453 1267 490 illis
1294 453 1456 490 acerbis-

143 521 238 557 sima
267 521 394 566 videri,
417 533 514 570 quae
543 520 700 557 forsitan
729 521 841 557 nobis
870 520 965 556 levia
994 525 1031 555 et
1061 517 1344 556 contemnenda
1372 530 1456 555 esse

141 585 348 622 videantur.
406 585 502 621 Mihi
533 585 684 630 credite,
706 585 858 629 iudices,
881 583 1048 631 (tametsi
1077 583 1332 631 vosmetipsos
1361 582 1457 620 haec

141 651 276 688 eadem
298 652 426 688 audire
448 658 550 688 certo
572 648 679 698 scio,)
702 663 821 699 quum
841 650 978 686 multas
1006 648 1222 697 acceperint
1245 660 1313 696 per
1338 647 1456 685 hosce

142 728 265 753 annos
305 716 398 754 socii
427 723 541 764 atque
571 722 721 752 exterae
751 716 926 752 nationes
956 714 1186 751 calamitates
1215 719 1252 750 et
1280 713 1455 758 iniurias3

140 780 261 816 nullas
301 779 439 817 Graeci
477 780 652 817 homines
687 780 837 828 gravius
871 780 1045 824 tulerunt,
1076 790 1146 815 nec
1176 778 1310 823 ferunt,
1341 789 1457 826 quam

141 845 405 882 huiuscemodi
427 845 672 894 spoliationes
702 844 880 881 fanorum
908 850 1022 893 atque
1050 842 1293 892 oppidorum.
1351 842 1457 879 Licet

140 911 210 948 iste
240 911 340 947 dicat
370 911 508 947 emisse
539 922 589 955 se,
619 910 726 947 sicuti
758 910 853 947 solet
883 909 1033 946 dicere:
1079 908 1220 946 credite
1248 907 1322 944 hoc
1351 907 1454 951 mihi,

141 976 305 1013 iudices:
336 975 439 1012 nulla
465 987 649 1023 umquam
676 975 805 1011 civitas
833 980 913 1010 tota
933 974 1026 1009 Asia
1052 980 1089 1009 et
1114 972 1276 1010 Graecia
1304 973 1458 1021 signum

141 1042 270 1086 ullum,
301 1041 418 1078 ullam
455 1040 623 1077 tabulam
652 1040 804 1088 pictam,
836 1039 954 1076 ullum
993 1039 1158 1087 denique
1187 1044 1456 1075 ornamentum

140 1108 255 1152 urbis,
277 1119 345 1143 sua
368 1106 559 1143 voluntate
588 1107 765 1154 cuiquam
786 1105 978 1141 vendidit:
1015 1105 1087 1141 nisi
1106 1104 1202 1141 forte
1223 1105 1455 1146 existimatis,

141 1179 395 1220 posteaquam
434 1171 572 1208 iudicia
611 1183 742 1207 severa
776 1169 925 1206 Romae
957 1170 1035 1206 fieri
1066 1169 1254 1214 desierint,
1286 1169 1456 1206 Graecos

141 1236 317 1273 homines
343 1236 438 1273 haec
458 1236 651 1272 venditare
683 1235 867 1283 coepisse,
890 1247 988 1283 quae
1016 1240 1096 1270 tum
1124 1246 1204 1270 non
1230 1234 1349 1271 modo
1377 1246 1457 1271 non

141 1301 396 1345 venditabant,
417 1312 535 1349 quum
564 1300 700 1337 iudicia
729 1299 882 1345 fiebant,
904 1311 1035 1336 verum
1064 1299 1178 1335 etiam
1208 1300 1458 1337 coemebant:

141 1372 205 1403 aut
243 1366 314 1402 nisi
352 1365 584 1402 arbitramini
623 1364 665 1401 L.
689 1364 841 1409 Crasso,
881 1363 929 1410 Q.
953 1363 1169 1409 Scaevolae,
1210 1363 1253 1402 C.
1283 1363 1456 1409 Claudio,

141 1430 415 1479 potentissimis
462 1429 693 1474 hominibus,
737 1440 900 1478 quorum
949 1428 1156 1465 aedilitates
1199 1429 1457 1466 ornatissimas

140 1495 315 1539 vidimus,
333 1494 607 1531 commercium
627 1494 784 1530 istarum
805 1505 930 1530 rerum
952 1505 1040 1530 cum
1062 1492 1219 1530 Graecis
1235 1493 1456 1531 hominibus

141 1572 221 1596 non
249 1559 364 1596 fuisse
380 1571 389 1605 ;
434 1558 502 1603 his,
530 1558 594 1607 qui
623 1565 711 1607 post
740 1558 969 1595 iudiciorum
999 1557 1289 1594 dissolutionem
1316 1559 1457 1596 aediles

141 1624 229 1662 facti
260 1631 358 1668 sunt,
390 1623 516 1660 fuisse.

196 1702 230 1738 9.
261 1689 511 1726 Acerbiorem
540 1687 654 1725 etiam
679 1687 813 1725 scitote
837 1700 921 1725 esse
946 1687 1156 1725 civitatibus
1186 1687 1320 1724 falsam
1347 1688 1458 1725 istam

141 1761 177 1791 et
206 1754 422 1790 simulatam
452 1753 698 1801 emptionem,
730 1765 847 1801 quam
877 1753 908 1789 si
937 1753 1019 1801 quis
1060 1752 1158 1789 clam
1188 1753 1372 1801 surripiat,
1394 1759 1458 1790 aut

141 1818 273 1867 eripiat
310 1818 436 1866 palam
466 1825 579 1865 atque
610 1817 764 1853 auferat.
823 1817 925 1853 Nam
964 1818 1236 1865 turpitudinem
1266 1829 1457 1854 summam

141 1896 225 1921 esse
247 1884 484 1927 arbitrantur,
507 1882 634 1919 referri
655 1882 694 1918 in
713 1882 872 1926 tabulas,
893 1882 1017 1930 pretio
1043 1882 1248 1919 adductam
1268 1883 1457 1920 civitatem

142 1955 180 1986 et
207 1948 329 1997 pretio
362 1959 478 1996 parvo
508 1959 553 1984 ea
583 1959 681 1996 quae
710 1947 921 1995 accepisset
949 1959 972 1983 a
1006 1946 1213 1984 maioribus
1243 1947 1459 1985 vendidisse

143 2021 256 2063 atque
290 2013 536 2050 abalienasse.
593 2012 746 2049 Etenim
782 2012 998 2049 mirandum
1036 2012 1075 2048 in
1113 2013 1275 2050 modum
1320 2012 1459 2050 Graeci

142 2080 256 2116 rebus
294 2079 385 2122 istis,
425 2090 520 2126 quas
559 2090 631 2115 nos
670 2077 961 2121 contemnimus,
1001 2076 1245 2115 delectantur.
1322 2078 1457 2128 Itaque

142 2145 306 2182 maiores
340 2144 459 2180 nostri
493 2143 600 2181 facile
634 2144 875 2192 patiebantur
904 2143 999 2180 haec
1033 2155 1117 2180 esse
1147 2156 1262 2192 quam
1296 2143 1458 2192 plurima

144 2210 247 2258 apud
276 2209 412 2253 socios,
434 2214 475 2244 ut
503 2208 662 2256 imperio
692 2215 824 2244 nostro
845 2220 961 2256 quam
982 2208 1212 2245 ornatissimi
1238 2208 1457 2246 florentissi-

143 2276 272 2324 mique
302 2281 449 2312 essent:
483 2273 588 2322 apud
617 2285 684 2310 eos
714 2280 850 2318 autern,
873 2284 969 2321 quos
999 2273 1202 2322 vectigales
1229 2280 1293 2310 aut
1317 2274 1457 2322 stipen-

145 2339 284 2378 diarios
311 2339 490 2386 fecerant,
510 2345 639 2376 tamen
667 2338 762 2377 haee
791 2337 1064 2389 relinquebant,
1091 2344 1132 2376 ut
1160 2338 1220 2386 illi,
1249 2338 1386 2389 quibus
1411 2350 1457 2376 ea

1478 211 1537 234 210

1477 534 1536 565 215

1479 855 1539 876 220

1479 1182 1537 1213 2²5

1478 1509 1540 1539 230

1480 2159 1541 2189 240
