1587 2533
140 127 251 165 11.13.
388 117 562 157 ROME'S
590 126 714 157 RULE
746 126 803 156 OF
831 127 926 156 HER
958 127 1235 157 PROVINCES.
1383 128 1461 172 271

137 226 262 276 posui,
283 232 364 264 tum
392 238 460 265 eos
488 226 659 264 hortatus
689 238 785 271 sum,
806 232 847 263 ut
877 238 1016 264 causae
1047 226 1247 264 communi
1277 227 1463 276 salutique

136 303 185 329 ne
223 292 424 330 deessent:
472 299 514 329 ut
542 292 644 329 illam
673 291 948 337 laudationem,
978 304 1096 341 quam
1136 304 1177 329 se
1210 292 1246 329 vi
1284 304 1328 329 ac
1358 299 1464 328 metu

135 363 304 404 coactos,
342 357 476 407 paucis
520 357 590 395 illis
638 357 783 402 diebus,
823 357 1002 395 decresse
1041 357 1233 402 dicebant,
1273 357 1460 394 tollerent.

51 438 113 470 5¹5
134 421 280 472 Itaque,
302 423 456 469 iudices,
480 422 710 472 Syracusani
729 422 825 459 haec
855 422 1010 468 faciunt,
1032 422 1140 460 istius
1162 422 1319 459 clientes
1346 429 1461 472 atque

132 488 256 526 amici.
313 487 484 524 Primum
505 487 598 524 mihi
626 487 768 524 litteras
789 487 975 536 publicas,
997 500 1094 537 quas
1122 488 1161 524 in
1182 488 1328 525 aerario
1349 499 1460 525 sanc·

130 553 226 591 tiore
264 555 439 592 conditas
477 553 681 600 habebant,
721 552 945 603 proferunt:
992 553 1031 590 in
1070 554 1209 602 quibus
1249 552 1460 590 ostendunt

129 620 272 665 omnia,
301 631 400 669 quae
439 620 516 657 dixi
553 619 679 656 ablata
717 631 814 663 esse,
845 619 1068 668 perscripta,
1109 625 1146 656 et
1184 619 1294 668 plura
1331 619 1457 665 etiam,

129 696 246 733 quarn
266 697 340 734 ego
367 685 476 734 potui
507 685 654 721 dicere:
685 684 897 733 perscripta
923 692 1052 721 autem
1073 684 1148 721 hoc
1175 684 1321 721 modo:
1352 695 1457 727 QUOD

46 765 109 795 320
128 761 180 786 EX
209 762 310 788 AEDE
346 762 545 788 MINERVAE
573 761 649 788 Hoc
678 761 728 787 ET
765 762 885 787 ILLUD
915 762 1103 787 AssEssm:
1144 761 1249 792 QUOD
1278 761 1328 787 Ex
1356 761 1457 788 AEDE

126 826 236 862 rovrs,
266 828 370 859 QUOD
398 828 447 853 Ex
474 827 575 853 AEDE
603 827 756 853 LIBERI:
804 820 845 852 ut
874 815 1036 864 quisque
1067 815 1121 852 eis
1150 816 1264 852 rebus
1303 815 1455 852 tuendis

126 881 476 930 conservandisque
506 879 732 931 praefuerat,
762 880 813 917 ita
841 881 1095 930 perscriptum
1125 887 1215 925 erat,
1246 892 1365 929 quum
1394 892 1454 917 ra-

124 945 270 983 tionem
298 957 320 983 e
348 945 433 995 lege
461 945 647 991 redderet,
669 952 706 982 et
732 957 831 994 quae
858 951 1070 995 acceperat,
1092 945 1248 983 deberet
1277 946 1452 983 tradere:

124 1011 276 1060 petisse,
297 1018 339 1049 ut
368 1011 449 1057 sibi,
471 1011 578 1061 quod
606 1011 678 1048 hae
705 1022 765 1048 res
792 1011 982 1055 abessent,
1004 1010 1294 1060 ignosceretur:
1325 1011 1453 1060 itaque

41 1087 103 1120 325
124 1087 262 1115 omnes
289 1077 468 1114 liberatos
499 1076 734 1122 discessisse,
756 1083 793 1114 et
814 1088 898 1114 esse
919 1076 1096 1125 ignotum
1117 1076 1298 1113 omnibus
1317 1089 1324 1112 :
1355 1088 1451 1125 quas

124 1152 199 1190 ego
231 1141 373 1179 litteras
401 1141 666 1190 obsignandas
698 1141 853 1190 publico
884 1141 997 1190 signo
1028 1140 1364 1190 deportandasque
1385 1153 1451 1178 cu-

123 1207 212 1244 ravi.
243 1207 304 1244 De
323 1207 542 1245 laudatione
557 1213 685 1245 autem
701 1207 798 1244 ratio
819 1207 873 1244 sic
893 1206 987 1243 mihi
1009 1206 1158 1244 reddita
1178 1212 1246 1243 est.
1277 1205 1450 1243 Primum

124 1284 244 1322 quum
283 1285 306 1310 a
343 1272 387 1310 C.
417 1272 538 1310 Verre
566 1273 710 1310 litterae
739 1272 935 1322 aliquanto
965 1277 1053 1308 ante
1073 1272 1280 1309 adventum
1317 1284 1449 1309 meum

122 1337 169 1375 de
198 1338 418 1376 laudatione
446 1338 649 1384 venissent,
670 1337 763 1375 nihil
791 1349 876 1375 esse
901 1337 1124 1374 decretum:
1155 1337 1305 1384 deinde,
1327 1349 1449 1387 quum

39 1417 104 1449 330
121 1403 279 1452 quidam
317 1416 365 1441 ex
411 1403 510 1441 illius
547 1403 680 1441 amicis
719 1409 1022 1448 commonerent,
1064 1409 1243 1452 oportere
1282 1403 1446 1450 decerni,

120 1468 292 1506 maximo
321 1481 406 1506 esse
436 1469 603 1507 clamore
632 1476 669 1506 et
697 1469 872 1506 convicio
902 1468 1152 1517 repudiatos:
1192 1474 1447 1517 posteaquam

119 1546 229 1571 meus
249 1534 435 1572 adventus
456 1534 794 1584 appropinquaret,
815 1534 1025 1582 imperasse
1046 1546 1146 1579 eum,
1169 1534 1235 1582 qui
1256 1545 1446 1572 summam

119 1605 348 1648 potestatem
380 1599 549 1645 haberet,
579 1606 620 1637 ut
650 1599 923 1637 decernerent:
971 1598 1170 1636 decretum
1199 1599 1250 1636 ita
1279 1611 1374 1646 esse,
1404 1607 1446 1637 ut

119 1665 241 1703 multo
269 1665 355 1715 plus
383 1666 434 1703 illi
454 1665 623 1703 laudatio
641 1665 742 1711 mali,
765 1677 883 1714 quam
903 1665 996 1702 boni
1025 1668 1161 1713 posset
1190 1664 1337 1702 afferre.
1396 1664 1445 1703 Id

38 1742 99 1776 335
119 1731 229 1777 adeo,
251 1731 406 1778 iudices,
425 1737 468 1769 ut
495 1731 589 1768 mihi
617 1731 666 1769 ab
695 1730 767 1768 illis
797 1730 1103 1768 demonstratum
1132 1735 1200 1775 est,
1221 1729 1275 1767 sic
1295 1741 1364 1767 vos
1395 1742 1443 1768 ex

119 1807 182 1833 me
212 1797 447 1845 cognoscite,

179 1873 238 1909 13.
268 1861 358 1899 Mos
379 1868 436 1899 est
465 1861 675 1912 SyracusiS,
695 1868 747 1907 ut,
769 1861 800 1899 si
827 1873 904 1911 qua
930 1860 978 1898 de
1006 1873 1046 1898 re
1073 1860 1123 1898 ad
1153 1866 1328 1898 senatum
1346 1860 1442 1898 refe-

118 1933 232 1974 ratur,
254 1927 354 1965 dicat
375 1928 602 1966 sententiam
623 1929 688 1977 qui
714 1928 813 1965 velit.
870 1926 1112 1964 Nominatim
1136 1938 1253 1964 nemo
1273 1934 1440 1976 rogatur.

118 1993 168 2031 Et
186 2001 330 2040 tamen,
348 2001 390 2031 ut
415 1995 576 2044 quisque
602 1994 753 2032 honore
782 2000 818 2031 et
845 1999 969 2031 aetate
994 1992 1198 2039 antecedit,
1218 1993 1270 2030 ita
1294 1993 1440 2042 primus

37 2075 100 2107 340
119 2060 216 2098 solet
245 2071 314 2098 sua
337 2067 475 2109 sponte
501 2060 652 2097 dicere:
682 2060 798 2108 idque
828 2071 851 2096 a
870 2058 1004 2096 ceteris
1025 2059 1059 2095 ei
1080 2058 1315 2096 conceditur.
1373 2058 1440 2096 Sin

118 2125 326 2174 aliquando
346 2131 474 2163 tacent
493 2137 642 2170 omnes,
659 2131 750 2162 tunc
765 2124 897 2162 sortito
915 2130 1104 2174 coguntur
1119 2123 1257 2161 dicere.
1306 2123 1439 2170 Quum

116 2189 179 2229 hic
197 2203 284 2229 mos
305 2198 418 2236 esset,
438 2190 596 2228 refertur
615 2190 665 2228 ad
685 2195 861 2228 senatum
883 2189 930 2226 de
950 2188 1170 2227 laudatione
1191 2188 1333 2226 Verris.
1392 2189 1440 2226 In

116 2269 194 2306 quo
210 2257 388 2307 primurn,
402 2263 443 2294 ut
458 2256 598 2306 aliquid
612 2262 713 2294 esset
728 2266 870 2300 morae,
887 2254 994 2291 multi
1010 2254 1267 2304 interpellant:
1289 2254 1336 2291 de
1351 2253 1438 2291 Sex.

115 2321 332 2369 Peducaeo,
346 2322 411 2372 qui
427 2321 474 2359 de
494 2321 555 2359 illa
568 2322 716 2359 civitate
729 2326 887 2369 totaque
906 2320 1103 2369 provincia
1117 2320 1262 2368 optime
1283 2320 1440 2358 meritus

31 2403 94 2437 345
114 2395 226 2434 esset,
260 2399 345 2426 sese
375 2393 498 2434 antea,
534 2399 654 2437 quum
687 2386 884 2424 audissent
909 2385 944 2424 ei
976 2385 1177 2435 negotium
1207 2384 1438 2431 facessitum,

744 2463 769 2489 U
793 2463 812 2485 2
