1587 2533
125 99 171 132 11.
192 108 244 131 10.
375 89 550 130 ROME'S
579 98 705 128 RULE
738 98 795 128 OF
824 97 918 127 ΗΕΒ
951 97 1230 128 PROVINCES.
1366 97 1447 142 255
1472 77 1475 81 ⁴

123 197 309 247 proficere
329 198 420 235 nihil
440 202 581 248 posset.
640 197 719 234 Eos
740 197 842 234 enim
864 196 1004 234 deduxi
1029 202 1143 233 testes
1165 202 1201 232 et
1222 207 1286 233 eas
1306 195 1447 232 litteras

46 278 106 300 110
126 263 336 312 deportavi,
369 270 410 301 ut
445 263 492 301 de
525 264 630 300 istius
666 262 768 300 facto
803 263 962 300 dubium
997 273 1082 299 esse
1121 261 1265 298 nemini
1304 267 1447 309 posset.

124 327 302 365 Publicae
323 329 466 366 litterae
488 335 586 374 sunt,
604 328 845 377 deportatum
866 340 950 365 esse
971 326 1208 364 Mercurium
1224 325 1448 363 Messanam

123 400 279 442 sumptu
294 395 448 443 publico
463 406 470 431 ε
501 394 642 440 dicunt,
662 394 792 442 quanti
807 406 814 430 ;
844 393 1055 442 praefuisse
1072 392 1159 429 huic
1176 392 1333 441 negotio
1351 393 1449 441 pub-

122 458 192 496 lice
213 460 382 508 legatum
403 460 571 497 Poleam.
613 458 761 505 Quid?
792 459 823 496 is
843 459 907 495 ubi
929 459 1011 496 est?
1050 458 1208 495 Praesto
1229 464 1285 495 est
1304 471 1311 494 ε
1342 459 1448 495 testis

123 530 192 561 est.
249 524 433 573 Proagori
462 524 611 573 Sopatri
639 524 755 560 iussu.
814 522 912 569 Quis
934 530 990 561 est
1011 523 1097 560 hic?
1128 524 1193 572 qui
1214 523 1262 560 ad
1284 529 1448 560 statuam

46 599 103 631 115
123 589 298 627 astrictus
326 596 391 627 est.
451 589 582 636 Quid?
612 589 643 626 is
670 589 735 625 ubi
762 590 843 626 est?
902 588 1031 626 Testis
1051 595 1129 625 est:
1159 588 1302 626 vidistis
1324 588 1449 626 homi-

123 666 213 691 nem
234 661 271 692 et
290 656 406 692 verba
425 655 505 692 eius
526 654 694 692 audistis.
752 653 1055 691 Demoliendum
1070 655 1212 690 curavit
1227 654 1447 691 Demetrius

124 720 448 769 gymnasiarchus,
480 720 584 769 quod
613 720 644 757 is
675 720 708 756 ei
737 720 824 757 loco
853 727 1039 768 praeerat.
1099 719 1229 765 Quid?
1271 719 1346 756 hoc
1375 731 1448 756 nos

124 785 311 823 dicimus?
368 785 495 822 Immo
525 797 615 823 vero
643 785 725 834 ipse
755 796 958 834 praesens:
1001 785 1152 822 Rornae
1182 797 1305 833 nuper
1333 785 1447 822 istum

122 850 250 900 ipsum
279 863 362 888 esse
391 851 614 900 pollicitum,
643 863 726 888 sese
756 850 796 888 id
826 850 978 898 signum
1007 850 1141 898 legatis
1167 862 1251 887 esse
1281 851 1447 888 redditu-

46 925 105 947 120
122 927 219 961 rum,
250 916 280 953 si
309 917 390 954 eius
418 916 472 953 rei
501 916 714 953 testificatio
745 915 948 961 tolleretur,
980 921 1210 964 cautumque
1244 923 1344 953 esset
1378 928 1445 954 eos

122 982 386 1019 testimonium
402 993 482 1018 non
498 993 581 1018 esse
596 981 775 1018 dicturos.
834 980 940 1017 Dixit
955 980 1029 1018 hoc
1047 981 1150 1029 apud
1166 992 1234 1017 vos
1253 981 1445 1030 Zosippus

123 1053 161 1084 et
189 1046 389 1094 Ismenias,
410 1046 588 1084 homines
618 1046 847 1083 nobilissimi
876 1052 914 1083 et
943 1046 1136 1095 principes
1158 1045 1446 1095 Tyndaritanae

124 1111 295 1150 civitatis.

182 1269 247 1305 10.
287 1266 425 1305 Verres‘
446 1267 642 1306 Robberz'es
661 1272 703 1305 al
718 1266 974 1317 Agrigentum,
996 1268 1171 1313 Assorus,
1193 1267 1396 1317 Enguium,

712 1332 860 1371 Calz'na.

182 1466 212 1492 1.
243 1454 422 1493 Herculis
448 1456 635 1505 templum
661 1462 719 1494 est
748 1456 851 1505 apud
878 1456 1155 1505 Agrigentinos
1183 1468 1263 1492 non
1288 1457 1402 1505 longe
1423 1468 1446 1493 a

122 1518 218 1565 foro,
239 1532 331 1558 sane
352 1527 527 1558 sanctum
547 1522 651 1570 apud
670 1522 753 1558 illos
775 1528 811 1558 et
837 1521 1070 1570 religiosum.
1129 1521 1187 1558 Ibi
1214 1528 1271 1558 est
1291 1534 1338 1558 ex
1359 1533 1445 1558 aere

123 1585 367 1623 simulacrum
396 1586 515 1636 ipsius
544 1587 734 1634 Herculis,
755 1599 833 1636 quo
861 1599 941 1624 non
969 1587 1077 1625 facile
1100 1587 1309 1636 quidquam
1340 1588 1445 1625 dixe-

122 1651 193 1687 rim
221 1662 283 1688 me
312 1651 450 1690 vidisse
476 1652 683 1702 pulchrius,
706 1652 873 1704 (tametsi
902 1666 982 1690 non
1013 1660 1091 1690 tam
1111 1653 1273 1690 multum
1299 1653 1338 1689 in
1365 1653 1446 1690 istis

83 1732 103 1764 5
123 1716 237 1753 rebus
275 1716 458 1767 intelligo,
493 1730 609 1768 quam
647 1719 768 1756 multa
805 1717 909 1768 vidi,)
949 1731 1072 1768 usque
1111 1730 1169 1765 eo,
1208 1718 1366 1763 iudices,
1405 1725 1446 1755 ut

122 1781 258 1819 rictum
284 1782 365 1820 eius
389 1795 434 1820 ac
460 1789 635 1821 mentum
660 1785 790 1833 paullo
811 1785 858 1822 sit
878 1785 1046 1829 attritius‚
1069 1784 1175 1833 quod
1202 1784 1241 1821 in
1267 1784 1445 1832 precibus

123 1853 160 1884 et
186 1847 502 1896 gratulationibus
529 1861 610 1887 non
631 1850 756 1887 solum
786 1850 824 1887 id
844 1851 1025 1896 venerari,
1046 1862 1177 1886 verum
1198 1849 1312 1886 etiarn
1333 1861 1444 1886 oscu-

122 1911 190 1949 lari
219 1912 355 1951 solent.
410 1914 473 1952 Ad
505 1914 580 1952 hoc
614 1916 813 1965 templum,
845 1927 964 1964 quum
995 1921 1094 1952 esset
1125 1915 1195 1952 iste
1224 1915 1439 1964 Agrigenti,

123 1978 220 2015 duce
240 1978 488 2017 Timarchide
516 1987 674 2029 repente
702 1988 815 2017 nocte
844 1981 1074 2029 intempesta
1104 1992 1300 2017 servorum
1321 1992 1444 2017 arma-

65 2056 103 2078 10
122 2049 248 2080 torum
270 2043 310 2080 fit
331 2055 539 2083 concursus
561 2051 674 2095 atque
695 2046 871 2094 impetus.
931 2045 1087 2083 Clamor
1107 2058 1130 2083 a
1149 2046 1324 2095 vigilibus
1346 2046 1442 2083 fani-

122 2120 196 2157 que
225 2109 446 2147 custodibus
475 2110 624 2148 toilitur.
684 2110 762 2157 Qui
792 2111 916 2159 primo
941 2123 1060 2160 quum
1087 2112 1272 2149 obsistere
1302 2124 1347 2149 ac
1377 2112 1443 2149 de-

120 2172 276 2211 fendere
305 2181 545 2220 conarentur,
575 2176 674 2213 male
712 2176 866 2213 mulcati
897 2177 1010 2214 clavis
1039 2189 1083 2214 ac
1122 2177 1283 2214 fustibus
1322 2177 1442 2226 repel-

119 2237 266 2276 luntur:
296 2245 433 2288 postea
457 2241 648 2278 convulsis
678 2241 868 2290 repagulis
898 2242 1139 2292 effractisque
1166 2243 1280 2279 valvis
1309 2242 1442 2279 deino-

118 2303 174 2340 liri
212 2304 365 2353 signum
403 2317 448 2343 ac
486 2307 655 2343 vectibus
692 2306 920 2344 labefactare
950 2315 1148 2345 conantur.
1206 2308 1356 2345 Interea
1394 2321 1441 2346 ex

61 2380 98 2413 15
119 2367 286 2408 clamore
313 2369 416 2408 sama
441 2378 520 2409 tota
547 2373 640 2409 urbe
668 2373 914 2422 percrebruit,
936 2374 1147 2423 expugnari
1176 2373 1269 2411 deos
1296 2374 1441 2423 patrios

770 2451 796 2477 Τ
820 2450 838 2475 2
