1587 2533
139 121 156 150 1
167 119 219 149 20
463 115 620 146 EXTRA
628 114 709 148 OTS
737 117 798 147 FR
806 117 874 148 OM
903 118 950 149 CI
951 118 1035 148 CER
1044 119 1081 149 O.
1299 121 1377 152 Sect.
1397 121 1451 154 111.

642 284 674 323 C
690 284 729 321 H
744 284 779 322 A
791 284 832 323 P.
871 284 940 324 IV.

185 407 217 442 1.
247 403 365 441 Facta
396 404 616 442 coniectura
648 404 687 441 in
718 404 906 454 Dionysio
945 411 1002 443 est
1039 406 1167 456 paullo
1206 413 1294 444 ante
1332 419 1448 458 quam

131 479 292 516 regnare
314 469 441 517 coepit
460 483 467 506 :
499 469 564 518 qui
585 481 703 518 quum
723 481 792 518 per
811 482 946 518 agrum
967 470 1201 508 Leontinum
1214 472 1284 509 iter
1303 472 1448 510 faciens

131 544 273 582 equum
298 532 381 582 ipse
411 533 626 570 demisisset
654 533 693 570 in
721 533 876 580 flumen,
898 536 1118 572 submersus
1149 548 1269 585 equus
1298 537 1448 585 voragi-

130 597 244 634 nibus
273 609 354 635 non
384 598 545 635 exstitit:
584 610 699 646 quem
733 610 852 646 quum
885 600 1053 636 maxima
1087 601 1334 638 contentione
1368 613 1447 639 non

129 662 316 711 potuisset
344 662 552 709 extrahere,
583 663 768 708 discessit,
799 670 840 701 ut
869 664 920 701 ait
950 664 1138 709 Philistus,
1169 677 1281 714 aegre
1310 666 1446 705 ferens.
1466 676 1482 707 5

125 726 265 774 ‘Quum
285 733 415 764 autern
435 727 711 776 aliquantulum
731 740 956 777 progressus
976 735 1088 775 esset,
1110 731 1237 767 subito
1258 731 1447 770 exaudivit

126 791 330 839 hinnitum,
352 794 594 842 respexitque
614 799 649 830 et
669 805 812 842 equum
832 793 995 831 alacrem
1016 794 1136 832 laetus
1157 796 1317 844 aspexit,
1339 797 1446 834 cuius

127 857 167 894 in
197 857 288 894 iuba
317 869 480 895 examen
508 869 625 906 apum
655 857 890 895 consederat.
948 858 1067 905 Quod
1097 866 1291 896 ostentum
1315 860 1446 899 habuit

125 921 228 960 hanc
248 923 336 967 vim,
357 929 400 959 ut
419 922 628 972 Dionysius
648 922 780 971 paucis
801 929 888 971 post
909 923 1043 961 diebus
1064 936 1226 972 regnare
1245 926 1424 974 coeperit.

183 991 220 1025 2.
251 986 385 1033 Quid?
442 986 761 1025 Lacedaemoniis
794 987 923 1036 paullo
952 995 1039 1025 ante
1071 988 1311 1026 Leuctricam
1345 990 1444 1027 cala·
1467 1009 1504 1030 10

126 1052 298 1090 mitatem
327 1065 425 1102 quae
455 1053 681 1101 significatio
711 1052 812 1090 facta
839 1059 906 1098 est,
936 1065 1057 1102 quum
1077 1053 1117 1090 in
1146 1053 1325 1092 Herculis
1353 1054 1444 1092 fano

127 1128 232 1154 arma
253 1124 473 1163 sonuerunt,
496 1117 751 1167 Herculisque
782 1117 1024 1155 simulacrum
1050 1118 1170 1156 multo
1201 1119 1338 1156 sudore
1362 1132 1443 1157 ma-

125 1183 252 1220 navit?
291 1183 343 1219 At
381 1182 520 1220 eodem
558 1189 732 1232 tempore
765 1183 924 1229 Thebis,
956 1189 997 1220 ut
1029 1183 1080 1220 ait
1111 1182 1373 1230 Callisthenes,
1404 1185 1442 1222 in

125 1247 269 1296 templo
301 1247 481 1285 Herculis
512 1248 640 1285 valvae
678 1248 828 1286 clausae
865 1247 1056 1297 repagulis
1095 1249 1221 1286 subito
1259 1261 1300 1286 se
1335 1249 1440 1298 ipsae

125 1319 364 1361 aperuerunt,
385 1324 578 1362 armaque,
599 1325 697 1361 quae
718 1313 793 1349 fixa
813 1313 852 1349 in
871 1313 1078 1362 parietibus
1099 1312 1258 1358 fuerant,
1279 1325 1325 1350 ea
1352 1319 1440 1350 sunt
1462 1331 1497 1362 15

124 1375 229 1414 humi
263 1377 424 1415 inventa.
483 1377 692 1427 Quumque
721 1377 859 1415 eodem
888 1383 1062 1426 ternpore
1095 1378 1198 1426 apud
1229 1378 1441 1416 Lebadiam

125 1441 355 1491 Trophonio
375 1455 434 1480 res
455 1443 579 1480 divina
599 1443 714 1488 fieret,
737 1442 858 1491 gallos
884 1442 1116 1492 gallinaceos
1136 1442 1175 1479 in
1201 1455 1248 1480 eo
1268 1442 1355 1480 loco
1385 1444 1440 1482 sic

125 1507 277 1544 assidue
298 1519 435 1544 canere
455 1508 641 1556 coepisse,
661 1514 702 1545 ut
722 1507 812 1544 nihil
832 1507 1145 1545 intermitterent:
1174 1513 1256 1544 tum
1277 1520 1440 1557 augures

124 1571 266 1609 dixisse
282 1571 477 1618 Boeotios,
493 1572 771 1610 Thebanorum
791 1584 875 1610 esse
889 1573 1096 1619 victoriam,
1113 1580 1314 1622 propterea
1334 1573 1441 1623 quod

124 1637 202 1675 avis
230 1637 292 1674 illa
320 1638 418 1675 victa
447 1638 555 1675 silere
584 1638 733 1684 soleret,
763 1650 910 1683 canere,
940 1638 971 1676 si
999 1638 1160 1676 vicisset.
1215 1638 1440 1688 Eademque
1460 1654 1499 1676 20

123 1707 350 1751 tempestate
378 1702 506 1740 multis
536 1703 653 1751 signis
686 1702 1004 1740 Lacedaemoniis
1035 1703 1258 1740 Leuctricae
1286 1716 1440 1753 pugnae

125 1767 319 1805 calamitas
334 1767 637 1806 denuntiabatur.
694 1767 873 1817 Namque
890 1775 926 1806 et
946 1768 1141 1818 Lysandri,
1160 1769 1225 1817 qui
1245 1768 1441 1807 Lacedae-

125 1833 347 1870 moniorum
368 1832 597 1870 clarissimus
617 1832 748 1878 fuerat,
770 1839 927 1879 statuae,
949 1846 1047 1883 quae
1063 1833 1223 1882 Delphis
1244 1834 1379 1880 stabat,
1399 1834 1439 1871 in

126 1898 248 1947 capite
270 1910 415 1936 corona
444 1899 569 1936 subito
591 1899 732 1936 exstitit
758 1911 806 1935 ex
827 1899 970 1948 asperis
991 1898 1117 1936 herbis
1147 1905 1184 1936 et
1202 1898 1413 1947 agrestibus
1431 1911 1440 1936 :

126 1963 333 2012 stellaeque
362 1975 510 2009 aureae,
541 1975 639 2012 quae
668 1963 829 2013 Delphis
859 1970 966 2001 erant
985 1976 1008 2001 a
1035 1962 1350 2001 Lacedaemoniis
1369 1976 1438 2013 po·
1460 1976 1497 2007 ²5

127 2028 219 2066 sitae
239 2034 326 2077 post
346 2028 519 2065 navalem
540 2029 641 2065 illam
657 2029 853 2066 victoriam
873 2028 1071 2078 Lysandri,
1093 2041 1169 2078 qua
1184 2028 1440 2067 Athenienses

127 2093 386 2138 conciderunt,
409 2091 502 2144 (qua
521 2093 560 2130 in
580 2106 711 2143 pugna
731 2094 820 2143 quia
840 2093 978 2131 Castor
997 2100 1034 2131 et
1054 2093 1190 2131 Pollux
1209 2105 1298 2131 cum
1317 2093 1440 2132 Lace-

127 2158 421 2196 daemoniorum
460 2158 580 2196 classe
619 2159 687 2197 visi
725 2171 809 2196 esse
843 2158 1078 2204 dicebantur,
1110 2170 1244 2196 eorum
1276 2159 1440 2208 insignia

127 2222 298 2269 deorum,
330 2223 458 2260 stellae
491 2235 638 2269 aureae,
668 2235 763 2274 quas
792 2223 880 2269 dixi,
910 2223 1070 2272 Delphis
1098 2221 1276 2273 positae‚)
1309 2224 1437 2274 paullo

127 2295 216 2325 ante
249 2287 489 2325 Leuctricam
517 2300 688 2337 pugnam
722 2288 944 2326 deciderunt
975 2299 1101 2338 neque
1134 2294 1305 2337 repertae
1338 2295 1436 2326 sunt.
1457 2302 1498 2333 30

128 2351 343 2391 Maximum
363 2364 450 2391 vero
471 2352 560 2391 illud
579 2359 800 2404 portentum
828 2353 964 2391 iisdem
993 2352 1190 2403 Spartiatis
1220 2353 1299 2400 suit,
1321 2353 1438 2404 quod,
