1587 2533
116 99 195 141 218
454 110 700 142 EXTRACTS
728 112 864 143 FROM
892 112 1070 142 CICERO.
1283 113 1360 144 sect.
1383 113 1422 145 v.

113 209 160 246 de
189 211 302 248 nobis
333 212 477 260 optime
505 213 681 249 meritum
710 218 747 249 et
775 224 842 261 per
871 223 943 249 nos
972 223 1060 249 cum
1088 223 1128 248 re
1156 211 1308 260 publica
1331 223 1421 249 con-

112 273 283 311 iunctum
313 282 349 312 et
378 289 399 312 a
429 277 540 313 nobis
567 283 604 313 et
627 288 649 313 a
671 288 711 312 re
734 276 886 324 publica
912 275 1177 324 diiungemus:
1207 276 1264 312 sin
1293 281 1420 312 autem

111 339 290 376 omnibus
311 340 349 376 in
375 341 487 377 rebus
508 341 775 388 obsequemur,
798 340 965 377 funditus
993 352 1060 377 eos
1081 340 1202 388 perire
1221 341 1419 389 patiemur,

110 415 273 452 quorum
312 416 391 441 non
429 405 548 442 modo
578 405 699 451 saluti,
720 405 787 442 sed
827 406 938 442 etiam
977 405 1194 442 commodis
1223 405 1420 442 consulere
1440 412 1502 453 360

111 469 305 505 debemus.
365 469 675 526 If-IdeffffiL-PHQ
697 470 727 507 si
756 482 841 507 vere
872 470 1038 518 cogitare
1066 469 1251 515 volumus,
1270 469 1461 530 {Emtffiqffi

110 534 373 584 i¹¹lPesiQ.„Luo
404 535 626 574 difficultas.
686 535 787 572 Nam
817 547 900 572 esse
930 534 1195 580 abstinentem,
1227 534 1420 571 continere

109 609 245 634 omnes
275 599 510 647 cupiditates,
542 611 631 636 suos
670 604 855 646 coercere,
885 600 973 637 iuris
1011 599 1248 648 aequabilem
1292 606 1420 637 tenere

108 662 306 707 rationem,
338 663 487 700 facilem
526 675 566 700 se
596 664 634 700 in
663 665 776 701 rebus
814 664 1106 713 cognoscendis,
1135 663 1173 700 in
1201 663 1420 700 hominibus

109 726 307 764 audiendis
346 728 665 777 admittendisque
703 730 885 778 praebere
925 728 1160 778 praeclarum
1203 729 1325 777 magis
1365 735 1420 765 est
1440 733 1499 775 365

109 803 225 840 quam
247 791 405 829 difficile.
463 792 554 830 Non
576 800 632 830 est
659 794 761 830 enim
782 794 949 842 positum
972 793 1014 829 ‘in
1041 793 1170 829 labore
1191 793 1330 842 aliquo,
1353 793 1420 830 sed

109 856 147 892 in
168 856 335 904 quadam
362 857 581 895 inductione
603 858 719 895 animi
749 864 786 895 et
805 858 1006 895 voluntate.
1065 858 1134 894 Illa
1156 870 1271 894 causa
1297 858 1419 907 publi-

109 932 295 958 canorum
321 930 503 970 quantam
531 923 774 960 acerbitatem
795 922 939 959 adferat
959 922 1071 960 sociis
1100 922 1353 960 intelleximus
1374 935 1421 960 ex

110 986 265 1031 civibus,
287 987 351 1035 qui
379 999 500 1035 nuper
526 988 565 1024 in
595 987 772 1036 portoriis
797 987 927 1024 Italiae
955 987 1132 1024 tollendis
1163 999 1243 1024 non
1271 994 1347 1024 tam
1374 987 1421 1024 de

108 1051 280 1099 portorio
307 1063 422 1100 quam
451 1052 496 1088 de
518 1052 712 1089 nonnullis
742 1052 885 1089 iniuriis
906 1052 1132 1101 portitorum
1154 1053 1419 1101 querebantur.
1442 1065 1504 1098 370

110 1115 238 1161 Quare
258 1127 338 1153 non
362 1116 497 1164 ignoro
519 1117 609 1166 quid
630 1117 742 1154 sociis
772 1117 919 1154 accidat
943 1117 981 1152 in
999 1116 1140 1153 ultimis
1163 1117 1282 1163 terris,
1304 1130 1422 1166 quum

110 1180 293 1217 audierim
312 1181 351 1217 in
378 1181 487 1218 Italia
513 1181 685 1231 querelas
707 1181 855 1218 civium.
913 1180 990 1218 Hic
1017 1187 1052 1217 te
1080 1182 1130 1218 ita
1149 1182 1298 1227 versari,
1319 1189 1360 1219 ut
1387 1190 1423 1220 et

109 1245 321 1293 publicanis
351 1246 572 1291 satisfacias,
606 1246 828 1295 praesertim
865 1246 1028 1294 publicis
1066 1247 1165 1283 male
1203 1247 1421 1296 redemptis,

110 1316 146 1346 et
175 1310 301 1347 socios
339 1311 460 1359 perire
491 1323 570 1347 non
609 1311 721 1356 sinas,
753 1311 899 1347 divinae
939 1312 1136 1348 cuiusdam
1165 1312 1309 1349 virtutis
1338 1325 1421 1349 esse

108 1374 264 1419 videtur,
286 1374 324 1410 id
344 1381 411 1420 est,
437 1381 533 1412 tuae.
591 1375 649 1412 Ac
676 1375 842 1424 primum
872 1374 1030 1412 Graecis
1056 1375 1105 1421 id,
1126 1375 1229 1424 quod
1260 1377 1421 1413 acerbis-
1442 1382 1504 1419 375
1559 1362 1561 1366 Α

109 1440 248 1476 simum
287 1446 354 1485 est,
395 1440 500 1488 quod
539 1447 626 1477 sunt
655 1440 868 1488 vectigales,
899 1452 978 1477 non
1017 1441 1069 1476 ita
1099 1442 1279 1478 acerbum
1308 1441 1423 1478 videri

110 1504 232 1549 debet,
263 1510 466 1553 propterea
504 1505 609 1553 quod
648 1505 728 1541 sine
766 1505 927 1554 imperio
967 1506 1099 1554 populi
1139 1505 1307 1543 Romani
1346 1507 1422 1543 suis

109 1570 285 1607 institutis
314 1582 381 1618 per
411 1582 451 1607 se
480 1570 551 1618 ipsi
581 1571 631 1608 ita
659 1570 820 1607 fuerunt.
877 1569 1033 1607 Nomen
1073 1578 1198 1608 autem
1232 1572 1423 1620 publicani

109 1635 302 1683 aspernari
329 1647 408 1671 non
435 1642 607 1683 possunt,
630 1636 693 1684 qui
720 1636 887 1684 pendere
915 1636 987 1684 ipsi
1007 1636 1167 1685 vectigal
1195 1636 1273 1673 sine
1301 1637 1422 1685 publi-

109 1711 207 1736 cano
235 1711 314 1736 non
344 1700 546 1748 potuerint,
577 1700 682 1748 quod
711 1700 754 1737 iis
785 1700 989 1749 aequaliter
1029 1700 1131 1737 Sulla
1161 1701 1420 1750 descripserat.
1442 1711 1506 1752 380

109 1764 199 1801 Non
231 1776 315 1801 esse
346 1771 471 1800 autem
500 1764 664 1801 leniores
695 1765 733 1800 in
762 1765 958 1813 exigendis
984 1765 1230 1814 vectigalibus
1252 1766 1423 1804 Graecos

109 1841 224 1878 quam
253 1835 406 1866 nostros
436 1829 662 1877 publicanos
692 1829 780 1867 hinc
809 1830 964 1878 intelligi
993 1837 1129 1879 potest,
1152 1831 1257 1879 quod
1287 1830 1423 1868 Caunii

109 1906 240 1942 nuper,
272 1905 485 1942 omnesque
516 1906 562 1930 ex
592 1894 734 1939 insulis,
765 1906 862 1943 quae
900 1901 1006 1932 erant
1044 1896 1093 1932 ab
1125 1895 1227 1932 Sulla
1261 1895 1423 1933 Rhodiis

110 1960 319 2004 attributae,
341 1959 593 2007 confugerunt
623 1960 671 1996 ad
701 1967 886 2004 senatum,
908 1961 1018 1998 nobis
1041 1968 1082 1997 ut
1108 1963 1235 2010 potius
1263 1961 1422 2011 vectigal

110 2035 226 2074 quam
248 2022 410 2060 Rhodiis
436 2024 658 2072 penderent.
719 2023 847 2069 Quare
868 2036 1011 2061 nomen
1033 2026 1226 2074 publicani
1246 2039 1371 2076 neque
1400 2027 1424 2063 ii
1444 2034 1504 2075 385

111 2091 251 2127 debent
279 2088 430 2125 horrere
461 2089 525 2137 qui
555 2101 705 2138 semper
734 2090 938 2138 vectigales
967 2090 1129 2136 fuerunt,
1151 2103 1276 2140 neque
1306 2093 1330 2129 ii
1363 2104 1423 2129 as-

111 2154 260 2204 pernari
282 2153 345 2202 qui
375 2165 442 2201 per
472 2165 510 2190 se
541 2154 710 2201 pendere
731 2154 889 2203 vectigal
918 2167 998 2192 non
1019 2163 1235 2204 potuerunt,
1255 2169 1379 2205 neque
1400 2157 1424 2193 ii

111 2231 286 2256 recusare
324 2219 389 2267 qui
426 2219 723 2266 postulaverunt.
782 2218 900 2256 Simul
939 2226 976 2257 et
1014 2221 1104 2258 illud
1142 2222 1235 2259 Asia
1273 2224 1424 2271 cogitet,

112 2283 253 2322 nullam
285 2295 306 2319 a
336 2296 376 2320 se
413 2295 538 2331 neque
567 2283 653 2320 belli
683 2285 827 2321 externi
860 2296 986 2333 neque
1025 2285 1320 2324 domesticarum
1350 2288 1426 2324 dis-

114 2348 328 2385 cordiarum
358 2348 611 2385 calamitatem
640 2348 826 2385 afuturam
851 2348 977 2396 fuisse,
999 2350 1029 2388 si
1054 2350 1129 2388 hoc
1156 2351 1317 2400 imperio
1346 2364 1425 2389 non
1446 2366 1508 2398 390

1558 119 1585 134 ,ᾧ
1583 95 1585 98 Α
1571 3 1585 85 μὴ,
