1587 2533
157 114 234 157 108
508 122 750 154 EXTRACTS
778 123 916 155 FROM
943 124 1121 156 CICERO.
1318 126 1395 157 Sect.
1417 126 1470 157 111.

151 229 337 269 monstra,
356 228 545 273 portenta,
566 222 742 272 prodigia
762 223 948 262 dicuntur.
1007 223 1126 270 Quod
1152 223 1183 261 si
1211 236 1256 261 ea
1284 224 1372 262 ficta
1392 236 1472 262 cre-

153 289 279 327 dimus
315 289 468 326 licentia
502 289 725 333 fabularum,
747 287 943 337 Mopsum,
961 288 1164 333 Tiresiam,
1183 288 1470 337 Amphiaraum,

153 351 414 396 Calchantem,
437 350 645 396 Helenum,
667 362 764 400 quos
784 356 911 388 tamen
932 362 1094 400 augures
1123 362 1172 387 ne
1192 350 1298 399 ipsae
1318 351 1472 400 quidem

153 413 303 450 fabulae
338 413 570 458 ascivissent,
591 413 622 450 si
654 424 715 450 res
731 412 909 453 ,omnino
929 412 1155 462 repudiaret,
1175 424 1224 449 ne
1253 412 1473 450 domesticis

152 476 307 525 quidem
345 475 530 524 exemplis
569 474 672 512 docti
715 486 858 511 numen
904 474 1065 512 deorum
1109 475 1472 523 comprobabimus?
1491 482 1530 515 25

151 536 255 574 Nihil
285 548 357 574 nos
388 536 429 575 P.
451 536 600 574 Claudii
619 535 718 573 bello
746 535 892 573 Punico
918 537 1043 585 primo
1069 536 1262 573 temeritas
1294 537 1472 582 movebit,

104 619 108 654 ζ
152 602 217 651 qui
238 602 352 639 etiam
373 613 442 651 per
462 601 590 639 iocum
620 601 714 638 deos
739 600 909 645 irridens,
931 613 1050 650 quum
1072 612 1187 638 cavea
1213 600 1358 637 liberati
1383 600 1475 649 pulli

103 716 105 720 Ι
151 678 231 704 non
251 673 507 715 pascerentur,
529 666 650 715 mergi
670 677 738 704 eos
756 665 955 715 inaquam
975 665 1095 711 iussit,
1114 671 1155 702 ut
1173 665 1359 711 biberent,
1378 676 1474 713 quo-

152 731 256 768 niam
270 730 360 769 Esse
388 731 561 769 nollent?
618 731 696 778 Qui
719 731 826 777 risus,
849 730 969 768 classe
992 730 1149 776 devicta,
1169 730 1306 768 multas
1330 730 1402 779 ipsi
1421 730 1473 767 la-

153 784 301 842 crimas,
321 808 506 845 magnam
525 797 670 846 populo
690 796 872 833 Romano
893 795 1040 833 cladem
1061 794 1191 832 attulit.
1493 811 1534 841 30

207 865 244 899 3.
275 861 407 908 Quid?
464 862 613 910 collega
646 861 726 898 eius
759 860 892 898 Iunius
922 861 1061 898 eodem
1090 861 1191 898 bello
1221 872 1352 898 nonne
1380 866 1476 897 tem-

154 934 297 975 qestate
319 927 482 964 classem
502 927 638 972 amisit,
659 937 777 975 quum
798 925 976 974 auspiciis
996 937 1075 962 non
1095 926 1307 974 paruisset?
1342 925 1476 974 Itaque

155 991 338 1029 Claudius
359 1003 381 1028 a
401 991 547 1040 populo
575 991 855 1036 condemnatus
880 996 946 1035 est,
969 990 1101 1027 Iunius
1131 1002 1267 1028 necem
1297 990 1367 1027 sibi
1394 991 1476 1038 ipse

154 1056 350 1094 conscivit.
409 1056 452 1094 C.
474 1055 705 1093 Flaminium
727 1054 877 1093 Caelius
897 1055 1078 1104 religione
1099 1055 1274 1104 neglecta
1293 1055 1476 1092 cecidisse

153 1121 255 1171 apud
277 1121 574 1158 Thrasimenum
605 1120 734 1158 scribit
762 1131 850 1157 cum
878 1131 1023 1168 magno
1052 1120 1282 1169 reipublicae
1310 1120 1534 1164 vulne1·e.35

154 1186 329 1232 Quorum
363 1185 478 1223 exitio
505 1185 662 1234 intelligi
686 1190 823 1234 potest,
852 1196 983 1222 eorum
1010 1184 1176 1234 imperiis
1204 1185 1476 1234 rempublicam

156 1251 441 1300 amplificatam,
474 1251 538 1300 qui
572 1250 820 1299 religionibus
858 1251 1084 1299 paruissent.
1140 1249 1201 1296 Et,
1236 1250 1267 1288 si
1305 1249 1477 1288 conferre

158 1316 334 1353 volumus
366 1322 498 1353 nostra
529 1327 617 1353 cum
652 1315 828 1360 externis,
859 1315 994 1352 ceteris
1028 1315 1143 1352 rebus
1174 1321 1238 1352 aut
1270 1327 1382 1364 pares
1415 1322 1479 1353 aut

156 1382 269 1419 etiam
304 1380 502 1418 inferiores
535 1380 778 1430 reperiemur,
798 1379 989 1428 religione,
1010 1379 1050 1417 id
1083 1387 1140 1418 est
1171 1380 1273 1417 cultu
1307 1381 1477 1426 deorum,

158 1446 278 1483 multo
302 1446 527 1496 superiores.
584 1445 650 1482 An
669 1445 762 1482 Attii
786 1444 897 1482 Navii
923 1445 1036 1482 lituus
1056 1444 1126 1491 ill'e,
1149 1457 1226 1494 quo
1253 1444 1301 1482 ad
1326 1445 1478 1482 investi·
1497 1463 1538 1493 40

157 1511 326 1559 gandum
349 1523 457 1548 suem
477 1511 655 1560 regiones
675 1510 808 1548 vineae
827 1509 1050 1555 terminavit,
1072 1509 1377 1547 contemnendus
1397 1511 1479 1548 est?

157 1575 377 1620 Crederem,
399 1575 472 1612 nisi
499 1575 579 1612 eius
605 1575 763 1623 augurio
784 1587 849 1612 rex
873 1573 1060 1611 Hostilius
1086 1574 1254 1611 maxima
1275 1573 1375 1611 bella
1394 1586 1480 1623 ges-

158 1641 279 1678 sisset.
338 1640 415 1678 Sed
435 1640 669 1689 negligentia
697 1640 902 1677 nobilitatis
926 1639 1072 1688 augurii
1102 1639 1301 1689 disciplina
1327 1640 1480 1686 omissa,

157 1706 293 1743 veritas
313 1705 571 1754 auspiciorum
588 1711 714 1754 spreta
733 1711 798 1751 est,
816 1704 962 1754 species
983 1711 1130 1741 tantum
1149 1710 1306 1741 retenta.
1345 1703 1479 1754 Itaque

158 1772 349 1808 maximae
383 1771 612 1820 reipublicae
641 1777 777 1820 partes,
798 1770 836 1807 in
864 1769 922 1807 his
950 1770 1060 1816 bella,
1081 1770 1218 1819 quibus
1246 1770 1478 1820 reipublicae
1495 1790 1534 1821 45

160 1836 262 1872 salus
296 1836 522 1881 continetur,
542 1835 654 1872 nullis
683 1835 858 1884 auspiciis
889 1835 1220 1881 administrantur3
1259 1835 1362 1871 nulla
1393 1847 1478 1884 per-

159 1900 286 1936 emnia
321 1907 529 1946 servantur,
560 1900 664 1937 nulla
694 1912 740 1937 ex
771 1900 1031 1945 acuminibus;
1072 1899 1163 1936 nulli
1191 1899 1257 1936 viri
1286 1906 1481 1946 vocantur,

159 1976 206 2001 ex
229 1976 307 2014 quo
333 1964 372 2001 in
392 1964 594 2013 procinctu
621 1970 847 2002 testamenta
872 1964 1073 2013 perierunt.
1129 1963 1234 2001 Tum
1261 1964 1363 2001 enim
1382 1965 1482 2002 bella

161 2040 293 2077 gerere
314 2028 435 2066 nostri
456 2028 572 2066 duces
592 2029 787 2078 incipiunt,
809 2041 926 2078 quum
947 2029 1115 2078 auspicia
1134 2035 1356 2078 posuerunt.

215 2098 254 2131 4.
284 2093 336 2130 At
351 2105 440 2130 vero
461 2094 564 2142 apud
583 2094 747 2131 maiores
767 2100 869 2131 tanta
883 2094 1076 2142 religionis
1095 2095 1150 2131 vis
1167 2094 1245 2140 fuit,
1265 2102 1306 2132 ut
1326 2094 1481 2144 quidam
1500 2112 1541 2142 50

160 2158 409 2208 imperatores
442 2158 557 2195 etiam
592 2158 739 2206 seipsos
780 2158 850 2196 diis
884 2158 1160 2196 immortalibus
1199 2159 1322 2208 eapite
1359 2160 1480 2198 velato

161 2224 285 2261 verbis
317 2223 427 2260 certis
451 2235 521 2272 pro
549 2223 743 2271 republica
771 2222 1011 2261 devoverent.
1067 2222 1191 2261 Multa
1216 2236 1264 2261 ex
1292 2224 1482 2274 Sibyllinis

162 2288 506 2333 vaticinationibus,
527 2288 646 2324 multa
670 2300 717 2325 ex
745 2287 989 2336 haruspicum
1019 2289 1214 2337 responsis
1245 2301 1482 2327 commemo-

162 2365 245 2392 rare
282 2364 452 2402 possum,
488 2352 626 2402 quibus
665 2364 711 2390 ea
747 2353 1020 2391 confirmentur
1057 2366 1155 2405 quae
1188 2354 1304 2393 dubia
1339 2354 1482 2392 nemini
