1587 2533
172 134 248 176 128
505 142 751 173 EXTRACTS
779 142 915 172 FRoM
943 142 1121 173 crcERo.
1319 143 1394 174 sect.
1416 143 1472 173 111.

167 242 343 292 neglexit.
399 241 477 279 Ubi
497 242 598 279 idem
619 242 781 291 saepiuS,
804 241 974 278 ascendit
994 241 1033 277 in
1046 241 1312 289 Areopagum:
1342 240 1472 277 detulit

170 319 260 344 rem.
317 306 572 355 Areopagitae
594 305 866 354 comprehendi
885 305 1015 342 iubent
1035 317 1133 349 eum,
1154 305 1218 353 qui
1237 316 1260 342 a
1279 304 1470 354 Sophocle

166 378 246 407 erat
266 371 493 408 nominatus.
542 371 593 415 Is,
608 370 833 419 quaestione
853 369 1031 414 adhibita,
1046 369 1243 407 confessus
1263 377 1329 415 est,
1346 376 1470 418 pater·
1494 384 1552 405 110

164 446 303 484 amque
323 435 455 472 retulit.
500 434 591 480 Quo
609 434 719 480 facto,
736 434 867 471 fanum
887 435 976 471 illud
992 434 1134 471 Indicis
1150 433 1327 471 Herculis
1346 434 1469 470 nomi-

164 505 295 536 natum
324 506 392 537 est.

218 567 282 601 10.
316 563 393 600 Sed
427 563 518 612 quid
547 575 620 612 ego
659 563 922 601 Graecorum?
979 562 1122 600 Nescio
1152 574 1229 611 quo
1257 562 1376 600 modo
1407 574 1469 599 me

165 629 287 676 magis
315 635 446 665 nostra
475 628 674 666 delectant.
733 627 879 665 Omnes
912 628 986 665 hoc
1005 627 1183 673 historici,
1209 627 1327 671 Fabii,
1349 626 1469 670 Gellii,

163 693 230 729 sed
249 693 421 740 proxime
445 692 607 730 Caelius.
665 692 797 738 Quum
812 692 911 729 bello
932 691 1069 728 Latino
1090 692 1168 728 ludi
1187 691 1300 728 votivi
1315 692 1470 728 maximi
1491 708 1548 738 115

163 757 328 805 primum
349 757 492 802 fierent,
513 757 642 794 civitas
663 757 711 794 ad
731 769 836 794 arma
855 763 1010 806 repente
1031 764 1088 793 est
1108 757 1279 793 excitata.
1323 755 1469 805 Itaque,

162 821 258 858 ludis
278 822 510 866 intermissis,
531 822 761 859 instaurativi
785 822 978 859 constituti
1005 828 1102 858 sunt.
1160 821 1237 867 Qui
1264 828 1470 871 antequam

161 887 302 932 fierent,
320 899 514 936 quumque
535 887 610 924 iam
630 887 795 936 populus
815 887 1061 932 consedisset,
1080 898 1208 924 servus
1227 899 1295 935 per
1315 887 1469 932 circum,

160 964 278 1001 quum
299 952 411 1000 virgis
433 952 660 997 caederetur,
682 952 825 989 furcam
846 951 967 988 ferens
988 952 1122 988 ductus
1142 958 1209 988 est.
1265 950 1368 988 Exin
1393 952 1469 989 cui-

161 1017 249 1054 dam
269 1018 410 1053 rustico
432 1017 612 1053 Romano
634 1017 836 1054 dormienti
866 1017 966 1053 visus
995 1023 1051 1053 est
1074 1016 1210 1061 venire,
1233 1017 1297 1064 qui
1317 1016 1467 1061 diceret,
1492 1031 1552 1053 120

159 1081 374 1131 praesulem
396 1081 465 1118 sibi
485 1093 564 1118 non
585 1081 773 1130 placuisse
793 1081 890 1117 ludis
906 1094 915 1127 ;
945 1080 1059 1129 idque
1084 1081 1131 1117 ab
1157 1081 1294 1117 eodem
1322 1081 1467 1117 iussum

161 1158 245 1182 esse
267 1158 355 1182 eum
380 1146 526 1182 senatui
551 1146 748 1183 nuntiare:
779 1145 883 1182 illum
913 1157 992 1182 non
1015 1157 1098 1182 esse
1122 1157 1267 1182 ausum.
1323 1145 1466 1182 Iterum

159 1222 243 1247 esse
263 1209 364 1246 idem
391 1210 525 1256 visum,
547 1217 583 1247 et
603 1211 791 1247 monitum
823 1222 871 1246 ne
904 1210 979 1245 vim
1009 1222 1117 1246 suam
1145 1210 1306 1258 experiri
1333 1210 1465 1247 vellet:

156 1286 205 1311 ne
225 1281 306 1311 tum
327 1274 483 1323 quidem
505 1287 589 1312 esse
609 1286 754 1311 ausum.
803 1273 903 1310 Exin
923 1274 1041 1310 filium
1060 1274 1140 1311 eius
1153 1286 1236 1311 esse
1257 1281 1447 1311 mortuum
1455 1288 1464 1320 ;

156 1339 332 1375 eamdem
353 1339 391 1375 in
412 1340 558 1376 somnis
574 1339 876 1376 admonitionem
898 1339 1012 1375 fuisse
1032 1339 1190 1375 tertiam.
1239 1338 1342 1376 Tum
1361 1339 1465 1377 illurn
1490 1360 1522 1380 12
1529 1360 1544 1389 5

154 1404 268 1440 etiam
290 1403 453 1440 debilem
479 1404 633 1449 factum,
654 1416 735 1440 rem
765 1404 811 1440 ad
843 1404 987 1441 amicos
1016 1403 1203 1448 detulisse,
1225 1415 1388 1452 quorum
1417 1405 1464 1442 de

154 1469 341 1504 sententia
360 1468 532 1505 lecticula
561 1469 599 1505 in
620 1469 763 1506 curiam
789 1480 872 1505 esse
901 1468 1076 1512 delatum,
1098 1479 1292 1517 quumque
1317 1469 1464 1506 senatui

153 1532 346 1569 somnium
367 1533 627 1578 enarravisset‚
644 1533 803 1582 pedibus
825 1533 902 1570 suis
917 1533 1074 1569 domum
1094 1533 1296 1569 revertisse.
1328 1533 1463 1582 Itaque

151 1598 305 1634 somnio
326 1598 578 1646 comprobato
603 1610 625 1635 a
653 1605 797 1644 senatu,
817 1597 928 1635 ludos
958 1597 1041 1634 illos
1070 1597 1205 1634 iterum
1233 1598 1462 1636 instauratos

151 1662 357 1699 memoriae
378 1662 571 1710 proditum
591 1670 659 1701 est.
1482 1682 1542 1712 130

204 1731 258 1763 11.
290 1726 333 1764 C.
354 1739 443 1764 vero
466 1726 660 1765 Gracchus
681 1728 808 1765 multis
829 1728 933 1772 dixit,
953 1734 995 1764 ut
1021 1728 1203 1776 scriptum
1228 1728 1330 1777 apud
1352 1740 1458 1766 eum-

152 1791 240 1828 dem
275 1791 447 1829 Caelium
479 1799 546 1837 est,
581 1793 649 1830 sibi
680 1793 719 1829 in
755 1792 900 1830 somnis
933 1798 1176 1841 quaesturam
1215 1794 1358 1841 petenti
1397 1793 1458 1831 Ti.

152 1855 301 1892 fratrem
331 1857 453 1893 visum
485 1869 569 1894 esse
603 1857 738 1902 dicere,
769 1869 884 1906 quam
912 1857 1022 1895 vellet
1051 1864 1299 1902 cunctaretur,
1328 1864 1458 1895 tamen

152 1921 288 1957 eodem
317 1921 387 1957 sibi
408 1921 483 1958 leto
510 1934 587 1971 quo
608 1923 690 1971 ipse
720 1923 907 1960 interisset
936 1934 1019 1959 esse
1045 1922 1294 1970 pereundum.
1352 1922 1454 1964 Hoc.

151 1992 356 2034 antequam
393 1986 566 2024 tribunus
605 1987 706 2036 plebi
736 1986 782 2025 C.
813 1987 1009 2024 Gracchus
1048 1986 1169 2023 factus
1199 1994 1308 2032 esset,
1338 1993 1376 2025 et
1413 2000 1454 2025 se
1478 2006 1533 2037 ¹35

149 2051 301 2088 audisse
322 2051 449 2088 scribit
470 2051 634 2096 Caelius,
655 2059 694 2089 et
713 2053 855 2090 dixisse
882 2053 1019 2089 multis.
1076 2051 1166 2098 Quo
1192 2052 1341 2090 somnio
1362 2053 1453 2103 quid

147 2116 303 2153 inveniri
323 2122 450 2165 potest
471 2117 635 2154 certius?

197 2184 258 2217 12.
289 2179 419 2225 Quid?
453 2181 514 2218 illa
543 2182 619 2218 duo
650 2182 810 2227 somnia,
837 2194 934 2231 quae
963 2183 1186 2220 creberrime
1215 2194 1449 2220 commemo-

147 2251 276 2282 rantur
294 2257 317 2282 a
338 2244 484 2290 Stoicis,
506 2246 590 2294 quis
619 2246 775 2283 tandem
802 2253 929 2294 potest
955 2248 1228 2284 contemnere?
1256 2260 1376 2284 unum
1403 2247 1450 2285 de

145 2309 362 2346 Simonide:
392 2309 455 2358 qui
475 2321 594 2358 quum
609 2311 783 2359 ignotum
803 2311 1008 2359 quemdam
1027 2312 1237 2360 proiectum
1257 2318 1449 2349 mortuum
1475 2329 1531 2359 140

144 2374 306 2419 vidisset,
337 2385 502 2422 eumque
534 2374 777 2420 humavisset,
809 2375 1041 2425 haberetque
1073 2376 1112 2412 in
1149 2377 1278 2413 animo
1311 2388 1448 2413 navem
