1587 2533
152 113 230 155 See't.
253 123 308 155 1v.
515 124 603 155 ΒΕΑ
615 125 747 156 UTJES
779 126 837 156 OF
865 125 927 156 NA
938 126 1072 157 TURE.
1396 126 1474 170 179

152 223 313 260 rentiam
329 223 530 272 pertinent,
544 231 673 262 tamen
686 231 723 261 et
744 225 1004 274 spectaculum
1023 225 1244 262 hominibus
1265 226 1450 274 praebent
1465 239 1474 271 ;

70 286 133 328 465
154 287 257 325 nulla
290 294 348 325 est
381 289 482 326 enim
517 289 764 327 insatiabilior
798 291 956 339 species,
989 291 1093 327 nulla
1130 290 1324 339 pulchrior
1353 282 1398 328 'et
1427 290 1476 327 ad

151 353 339 390 rationem
386 354 666 404 sollertiamque
716 356 968 403 praestantior
979 369 988 403 ;
1028 368 1161 393 eorum
1200 356 1303 393 enim
1342 367 1474 393 cursus

151 418 332 464 dimetati,
363 420 596 457 maturitates
625 426 845 468 temporum
870 428 906 458 et
935 422 1134 458 varietates
1163 421 1475 469 mutationesque

151 484 415 533 cognovimus.
473 483 584 530 Quae
611 485 641 521 si
664 484 886 523 hominibus
911 486 1000 523 solis
1031 493 1123 523 nota
1152 492 1249 531 sunt,
1270 485 1475 522 hominum

153 561 268 586 causa
287 549 386 587 facta
405 561 488 587 esse
510 550 758 587 iudicandum
780 557 847 588 est.
907 552 1029 589 Terra
1045 564 1134 589 vero
1155 551 1230 589 feta
1245 551 1417 600 frugibus
1438 558 1475 588 et

71 625 135 659 470
153 615 256 652 vario
276 615 514 664 leguminum
539 627 692 664 genere,
715 627 814 664 quae
840 628 927 653 cum
948 618 1116 654 maxima
1134 618 1307 665 largitate
1338 617 1473 661 fundit,

153 694 198 719 ea
226 681 441 719 ferarumne
471 694 521 718 an
549 681 751 719 hominum
785 694 902 719 causa
940 684 1098 732 gignere
1136 684 1312 721 videtur?
1370 682 1475 729 Quid

152 746 198 784 de
219 747 356 784 vitibus
377 747 601 796 olivetisque
629 746 780 784 dicam?
812 760 972 797 quarum
997 749 1176 785 uberrimi
1203 748 1474 797 laetissimique

149 811 290 849 fructus
320 811 414 849 nihil
433 813 593 850 omnino
623 813 672 849 ad
691 813 833 850 bestias
864 813 1064 862 pertinent.
1125 813 1264 862 Neque
1285 814 1388 850 enim
1416 825 1474 850 se-

150 877 270 924 rendi,
303 889 429 926 neque
459 877 622 923 colendi,
652 891 724 915 nec
754 879 978 928 tempestive
1013 879 1232 915 demetendi
1262 878 1474 927 percipien-

72 947 129 981 ⁴75
150 942 264 991 dique
293 941 448 988 fructus,
479 955 605 991 neque
635 943 829 980 condendi
863 955 907 980 ac
936 943 1147 992 reponendi
1176 943 1252 980 ulla
1281 943 1474 992 pecudum

148 1007 306 1045 scientia
331 1012 399 1053 est,
420 1019 626 1057 earumque
650 1009 826 1045 omniurn
853 1021 979 1045 rerum
1002 1008 1203 1045 hominum
1233 1015 1290 1046 est
1319 1015 1355 1046 et
1381 1021 1474 1046 usus

146 1078 184 1110 et
203 1084 305 1109 cura.
345 1072 398 1109 Ut
411 1072 507 1110 fides
527 1073 641 1122 igitur
657 1079 693 1110 et
709 1073 821 1111 tibias
843 1086 976 1111 eorum
993 1086 1109 1111 causa
1124 1073 1243 1111 factas
1264 1073 1471 1111 dicendum

145 1144 213 1182 est,
234 1138 299 1187 qui
319 1137 388 1176 illis
417 1138 470 1174 uti
496 1145 670 1187 possunt,
696 1139 748 1176 sic
773 1152 829 1185 ea,
850 1151 948 1188 quae
968 1139 1056 1185 dixi,
1086 1140 1132 1176 iis
1163 1139 1253 1176 solis
1284 1139 1472 1176 confiten-

147 1203 240 1240 dum
260 1210 318 1240 est
337 1216 422 1241 esse
442 1210 583 1253 parata,
596 1204 661 1253 qui
673 1211 829 1242 utuntur
844 1217 853 1251 ;
883 1217 954 1242 nec
976 1205 1120 1253 siquae
1136 1205 1280 1241 bestiae
1302 1204 1472 1241 furantur

66 1274 129 1315 480
149 1268 291 1318 aliquid
311 1282 358 1307 ex
377 1269 422 1306 iis
443 1276 506 1307 aut
526 1270 688 1319 rapiunt,
709 1270 856 1307 illarum
877 1283 1033 1319 quoque
1054 1282 1169 1307 causa
1196 1282 1242 1307 ea
1271 1276 1361 1307 nata
1387 1282 1472 1307 esse

147 1334 331 1373 dicemus.
389 1334 526 1385 Neque
559 1340 661 1372 enim
700 1335 878 1373 homines
917 1336 1083 1373 murium
1122 1342 1186 1372 aut
1224 1334 1470 1373 formicarum

145 1412 261 1438 causa
291 1400 524 1438 frumentum
559 1401 742 1446 condunt,
779 1401 846 1439 sed
878 1402 1088 1450 coniugum
1119 1407 1156 1438 et
1187 1401 1395 1438 liberorum
1435 1408 1471 1438 et

145 1465 371 1503 familiarum
392 1478 557 1504 suarum.
616 1466 751 1516 Itaque
776 1467 921 1504 bestiae
946 1467 1084 1513 furtim,
1105 1474 1146 1504 ut
1176 1466 1264 1513 dixi,
1286 1466 1469 1514 fruuntur,

146 1531 293 1570 domini
312 1531 439 1581 palam
460 1538 497 1569 et
517 1532 644 1569 libere.

64 1603 126 1645 485
200 1601 264 1636 19.
294 1597 510 1635 Hominum
539 1598 653 1647 igitur
681 1610 796 1636 causa
825 1610 890 1635 eas
915 1610 1042 1636 rerum
1070 1598 1201 1647 copias
1227 1604 1470 1647 comparatas

146 1674 230 1700 esse
260 1662 458 1700 fatendum
489 1670 570 1709 est;
601 1663 673 1700 nisi
702 1663 797 1701 forte
825 1669 932 1701 tanta
960 1664 1114 1701 ubertas
1144 1670 1180 1700 et
1210 1663 1368 1701 varietas
1398 1676 1469 1713 po-

143 1739 306 1773 morum,
337 1740 547 1777 eorumque
573 1727 763 1766 iucundus
793 1741 874 1766 non
902 1736 1076 1778 gustatus
1107 1729 1243 1775 solum,
1275 1729 1342 1767 sed
1371 1730 1467 1767 odo-

142 1800 243 1830 ratus
263 1793 377 1830 etiam
405 1799 442 1830 et
468 1799 646 1842 aspectus
677 1794 955 1832 dubitationem
986 1795 1104 1840 affert,
1126 1795 1219 1843 quin
1247 1794 1467 1834 hominibus

143 1858 233 1896 solis
262 1871 308 1896 ea
336 1864 470 1896 natura
495 1859 717 1897 donaverit:
748 1866 974 1909 tantumque
1001 1860 1119 1906 abest,
1141 1866 1182 1897 ut
1207 1859 1302 1897 haec
1328 1861 1466 1899 bestia-

59 1938 124 1971 490
143 1936 227 1961 rum
247 1924 362 1961 etiam
382 1936 496 1962 causa
516 1931 647 1974 parata
669 1925 752 1971 sint,
773 1932 814 1962 ut
833 1926 935 1974 ipsas
956 1926 1097 1963 bestias
1116 1925 1317 1963 hominum
1346 1928 1467 1976 gratia

142 1996 342 2039 generatas
358 2001 442 2027 esse
455 1990 663 2029 videamus.
722 1990 828 2037 Quid
848 1991 949 2028 enim
972 2003 1063 2029 oves
1079 1992 1182 2029 aliud
1203 1992 1378 2038 afferunt,
1393 1994 1465 2031 nisi

141 2063 182 2094 ut
203 2068 333 2093 earum
353 2056 448 2094 villis
469 2057 652 2094 confectis
675 2063 789 2107 atque
812 2057 1002 2095 contextis
1023 2057 1200 2095 homines
1230 2058 1464 2097 vestiantur?

141 2122 252 2169 Quae
272 2122 428 2172 quidem
449 2134 574 2172 neque
595 2122 654 2168 ali,
675 2134 801 2172 neque
831 2123 1045 2169 sustentari,
1066 2135 1192 2172 neque
1219 2124 1339 2160 ullum
1365 2124 1463 2163 fruc-

141 2193 223 2226 tum
252 2188 365 2226 edere
394 2200 442 2226 ex
471 2200 512 2226 se
542 2188 623 2226 sine
652 2188 754 2226 cultu
780 2188 983 2225 hominum
1010 2194 1047 2226 et
1076 2188 1271 2226 curatione
1292 2196 1461 2238 possent.

61 2256 122 2290 495
144 2252 296 2292 Canum
324 2264 414 2291 vero
444 2260 522 2291 tam
552 2253 628 2291 fida
655 2253 841 2298 custodia,
871 2259 1027 2303 tamque
1054 2266 1188 2292 amans
1217 2254 1462 2293 dominorum

142 2319 321 2366 adulatio,
340 2326 565 2368 tantumque
586 2319 718 2357 odium
739 2319 776 2355 in
797 2325 987 2364 externos,
1007 2326 1044 2357 et
1063 2325 1141 2356 tam
1162 2320 1392 2358 incredibilis
1413 2322 1462 2359 ad

140 2384 449 2436 investigandum
477 2385 666 2435 sagacitas
696 2384 858 2431 narium,
883 2391 987 2422 tanta
1015 2383 1188 2423 alacritas
1216 2385 1255 2422 in
1283 2386 1460 2425 venando
