1587 2533
119 112 164 145 11.
185 112 220 145 8.
265 130 268 132 v
353 100 525 143 ROME'S
553 110 678 142 RULE
710 110 768 140 OF
796 109 889 140 HER
921 107 1200 139 PROVINCES.
1362 110 1441 152 249

63 224 103 246 20
119 211 264 249 maiore
290 211 382 249 odio
409 211 566 261 dignam
586 211 692 248 istius
720 209 984 247 incredibilem
1014 208 1214 246 audaciam
1239 207 1439 255 iudicetis‚)

119 277 341 314 convocatis
372 277 507 314 Siculis
535 277 727 321 omnibus,
758 275 863 324 quod
896 275 1107 312 diutissime
1142 273 1441 322 saepissimeque

119 340 285 379 Siciliam
306 349 482 380 vexatam
502 354 525 379 a
551 341 936 390 Karthaginiensibus
964 344 1160 388 cognorat,
1182 339 1287 375 iubet
1310 339 1442 375 omnia

119 406 316 456 conquiri:
348 407 546 457 pollicetur
574 407 644 444 sibi
672 418 836 455 magnae
865 417 977 443 curae
1006 405 1097 450 fore,
1126 410 1167 441 ut
1196 404 1325 441 omnia
1353 404 1441 441 civi-

118 473 269 518 tatibus,
300 485 398 523 quae
438 473 620 522 cuiusque
663 471 833 517 fuissent,
872 471 1167 508 restituerentur.
1225 469 1329 506 Tum
1369 469 1440 514 illa,

61 545 100 578 25
121 550 220 587 quae
249 539 448 588 quondam
474 544 580 575 erant
609 536 772 574 Himera
798 536 955 582 sublata,
978 536 1024 573 de
1052 537 1189 586 quibus
1213 542 1324 573 antea
1351 535 1440 581 dixi,

121 603 382 641 Thermitanis
412 610 501 641 sunt
528 602 698 640 reddita:
743 608 825 639 tum
855 602 927 639 alia
956 601 1198 647 Gelensibus,
1229 601 1301 639 alia
1329 601 1441 649 Agri-

120 669 310 717 gentinis:
350 669 389 705 in
418 668 556 717 quibus
586 668 701 705 etiam
738 667 798 704 ille
827 668 965 705 nobilis
999 674 1139 713 taurus,
1170 679 1285 717 quem
1307 666 1441 704 crude-

119 733 282 772 lissimus
311 734 484 771 omnium
513 740 761 783 tyrannorum
790 733 960 770 Phalaris
989 732 1167 769 habuisse
1194 732 1341 776 dicitur,
1363 742 1440 780 quo

118 799 224 837 vivos
245 799 419 849 supplicii
439 811 555 836 causa
575 799 771 836 demittere
792 798 967 835 homines
988 804 1024 835 et
1044 798 1228 835 subiicere
1246 797 1441 834 flammam

60 875 102 906 30
120 865 287 903 solebat:
327 877 443 914 quem
470 871 620 901 taurum
656 863 784 912 Scipio
814 875 934 912 quum
966 863 1142 900 redderet
1169 862 1440 911 Agrigentinis,

119 931 261 968 dixisse
291 930 435 976 dieitur,
465 941 632 979 aequum
662 941 746 967 esse
776 929 860 966 illos
889 929 1068 977 cogitare,
1098 934 1226 965 utrum
1256 933 1354 965 esset
1385 927 1440 965 Si-

119 995 211 1033 culis
231 995 368 1042 utilius‚
391 996 518 1033 suisne
538 994 685 1041 servire,
706 1006 756 1031 an
785 994 930 1043 populo
952 993 1134 1031 Romano
1155 994 1439 1043 obtemperare;

118 1073 237 1111 quum
266 1060 369 1098 idem
398 1066 694 1098 monumentum
723 1065 760 1097 et
789 1059 1023 1097 domesticae
1052 1059 1282 1097 crudelitatis
1313 1065 1349 1097 et
1373 1071 1441 1096 no-

117 1132 215 1164 strae
235 1126 538 1163 mansuetudinis
557 1125 750 1163 haberent.

58 1202 98 1234 35
175 1203 208 1228 2.
238 1190 310 1228 Illo
338 1196 512 1240 tempore
543 1190 761 1240 Segestanis
799 1190 967 1228 maxima
996 1202 1084 1228 cum
1114 1203 1205 1227 cura
1233 1190 1329 1228 haec
1358 1190 1442 1240 ipsa

116 1255 255 1301 Diana,
277 1255 324 1293 de
357 1267 434 1304 qua
463 1256 637 1301 dicimus,
667 1256 860 1293 redditur:
898 1262 1111 1304 reportatur
1141 1256 1362 1305 Segestam:
1402 1257 1441 1293 in

116 1321 195 1359 suis
215 1321 380 1370 antiquis
400 1321 552 1358 sedibus
581 1333 732 1359 summa
759 1333 848 1358 cum
867 1321 1119 1370 gratulatione
1147 1322 1284 1358 civium
1309 1328 1345 1359 et
1365 1321 1440 1359 lae-

115 1386 195 1423 titia
219 1386 427 1435 reponitur.
485 1385 596 1423 Haec
622 1392 700 1422 erat
729 1386 853 1434 posita
884 1385 1075 1434 Segestae,
1100 1398 1192 1423 sane
1222 1386 1373 1424 excelsa
1402 1387 1440 1423 in

116 1452 220 1489 basi:
258 1451 298 1488 in
326 1463 404 1500 qua
440 1451 649 1500 grandibus
679 1450 807 1488 litteris
836 1463 868 1488 P.
889 1463 1068 1489 AFRICANx
1102 1464 1246 1488 nomen
1275 1457 1354 1488 erat
1382 1452 1439 1489 in-

56 1527 100 1558 40
116 1517 239 1554 cisum
267 1527 434 1564 eumque
458 1515 723 1554 KARTHAGINE
751 1528 874 1554 CAPTA
902 1528 1142 1554 REsrirurssE
1176 1517 1438 1566 perscriptum.

116 1581 325 1620 Colebatur
344 1594 367 1619 a
387 1581 558 1619 civibus:
590 1583 639 1618 ab
669 1582 850 1619 omnibus
880 1582 1035 1619 advenis
1062 1582 1276 1619 visebatur:
1319 1594 1440 1632 quum

115 1653 297 1697 quaestor
324 1658 460 1692 essem,
481 1647 574 1684 nihil
603 1647 696 1684 mihi
725 1648 773 1684 ab
802 1647 872 1684 illis
902 1654 960 1684 est
989 1647 1293 1684 demonstratum
1322 1648 1437 1698 prius.

112 1710 206 1749 Erat
239 1711 449 1750 admodum
486 1712 657 1761 amplum
691 1718 728 1750 et
766 1713 960 1750 excelsum
988 1713 1152 1761 *signum
1191 1725 1280 1750 cum
1318 1714 1437 1751 stola:

113 1782 375 1814 verumtamen
403 1777 523 1814 inerat
550 1778 591 1815 in
619 1778 681 1815 illa
714 1778 978 1827 magnitudine
1011 1785 1115 1815 aetas
1144 1785 1257 1828 atque
1287 1778 1438 1816 habitus

55 1853 96 1886 45
113 1842 325 1891 virginalis:
368 1843 528 1891 sagittae
565 1843 788 1892 pendebant
825 1844 874 1880 ab
912 1843 1094 1881 humero:
1137 1844 1287 1881 sinistra
1320 1856 1438 1882 manu

112 1908 299 1945 retinebat
317 1919 470 1945 arcum:
501 1908 633 1945 dextra
654 1909 851 1946 ardentem
872 1908 995 1946 facem
1017 1908 1263 1958 praeferebat.
1321 1909 1437 1948 Hanc

113 1985 233 2023 quum
261 1973 333 2011 iste
370 1984 565 2010 sacrorum
602 1974 777 2011 omniurn
806 1973 928 2012 hostis
957 1974 1262 2024 religionumque
1290 1975 1436 2023 praedo

112 2039 292 2086 vidisset3
335 2039 444 2089 quasi
480 2039 542 2076 illa
578 2039 660 2088 ipse
699 2039 781 2077 face
819 2051 1023 2088 percussus
1052 2046 1164 2086 esset,
1193 2041 1246 2078 ita
1275 2041 1436 2090 flagrare

112 2103 319 2153 cupiditate
346 2110 460 2154 atque
489 2105 656 2142 amentia
684 2105 823 2154 coepit.
882 2104 1051 2154 Imperat
1079 2106 1372 2155 magistratibus,
1394 2112 1437 2143 ut

53 2179 96 2213 50
112 2180 199 2206 eam
219 2169 474 2206 demoliantur
493 2175 530 2206 et
550 2170 621 2207 sibi
642 2170 756 2207 dent:
778 2169 871 2206 nihil
892 2170 963 2207 sibi
983 2171 1126 2219 gratius
1147 2171 1313 2209 ostendit
1333 2170 1435 2208 futu-

110 2245 207 2271 rum.
246 2233 304 2270 Illi
316 2246 404 2271 vero
421 2235 546 2272 dicere
561 2235 600 2272 id
615 2235 685 2272 sibi
700 2234 808 2272 nefas
829 2247 924 2281 esse,
939 2248 1056 2285 seque
1073 2248 1192 2285 quum
1213 2247 1364 2273 summa
1376 2248 1435 2273 re-

109 2297 262 2348 ligione,
276 2305 356 2336 tum
374 2311 526 2338 summo
541 2306 645 2337 metu
661 2299 790 2348 legum
806 2307 842 2337 et
857 2300 1084 2338 iudiciorum
1100 2301 1229 2338 teneri.
1262 2300 1339 2338 Iste
1352 2306 1434 2339 tum

109 2369 239 2414 petere
259 2363 307 2401 ab
327 2364 410 2412 illis,
430 2371 510 2403 tum
530 2365 677 2412 minari,
699 2372 779 2403 tum
805 2377 927 2415 spem,
947 2372 1028 2404 turn
1047 2373 1194 2404 metum
1218 2366 1432 2404 ostendere.
