1587 2533
128 108 170 140 11.
195 115 247 147 11,
274 115 324 138 12.
375 97 548 136 ROME'S
578 104 703 134 RULE
735 104 792 133 OF
821 103 915 133 HER
947 102 1223 133 PROVINCES.
1364 106 1444 147 259

126 205 255 252 serint,
283 204 348 242 ubi
386 204 529 254 piratae
568 203 645 241 fere
674 203 881 252 quotannis
919 201 1088 239 hiemare
1128 201 1298 239 soleant:
1338 203 1444 251 quod

125 281 252 319 neque
282 269 426 319 praedo
455 269 648 307 violaverit
676 274 788 304 antea
817 279 942 317 neque
971 267 1093 304 hostis
1123 267 1298 315 attigerit,
1327 267 1366 304 id
1396 268 1443 304 ab

64 347 107 377 30
125 347 203 372 uno
224 335 296 373 isto
317 335 371 373 sic
391 334 594 384 spoliatum
614 345 710 378 esse,
731 339 772 370 ut
793 332 884 369 nihil
904 332 1064 369 omnino
1085 332 1130 369 sit
1150 332 1335 369 relictum.

63 1197 102 1219 10

61 1527 97 1559 15

59 1852 99 1874 20

59 2175 98 2208 25

470 494 531 528 12.
571 489 698 527 Verres
718 488 909 536 compared
923 492 956 525 lo
975 487 1099 526 Plulo.

182 608 215 634 1.
244 595 365 633 Vetus
395 600 452 632 est
481 594 575 631 haec
604 594 748 642 opinio,
779 593 935 638 iudices,
963 605 1062 642 quae
1091 599 1242 631 constat
1271 606 1318 631 ex
1347 594 1443 631 anti-

123 663 316 712 quissimis
347 661 583 699 Graecorum
612 659 742 696 litteris
780 672 824 696 ac
853 660 1126 704 monumentis,
1157 660 1321 697 insulam
1351 659 1444 697 Sici-

121 728 211 764 liam
231 734 351 764 totam
372 738 457 764 esse
479 725 606 763 Cereri
637 731 672 761 et
693 724 855 762 Liberae
877 731 1153 762 consecratam.
1212 724 1303 762 Hoc
1324 737 1443 774 quum

121 800 268 830 ceterae
298 798 431 841 gentes
461 791 516 828 sic
544 790 781 836 arbitrantur,
812 796 893 827 tum
922 790 1014 838 ipsis
1046 789 1180 828 Siculis
1210 790 1261 827 ita
1289 803 1444 840 persua-

121 870 207 895 sum
228 864 295 903 est,
316 863 358 894 ut
387 856 522 893 animis
542 867 675 893 eorum
704 855 861 893 insitum
891 862 1004 904 atque
1033 856 1207 892 innatum
1237 868 1322 893 esse
1341 857 1443 894 vide-

121 930 213 961 atur.
269 922 308 960 N
311 934 372 960 am
393 928 430 959 et
449 928 559 958 natas
579 933 662 958 esse
682 920 752 958 has
772 921 810 957 in
831 921 889 957 his
909 920 1003 957 locis
1025 920 1116 958 deas
1136 927 1172 958 et
1192 920 1320 969 fruges
1339 922 1378 958 in
1397 935 1443 959 ea

119 995 218 1026 terra
245 988 411 1037 primum
440 993 607 1035 repertas
637 987 872 1031 arbitrantur,
893 991 930 1023 et
958 992 1107 1034 raptam
1137 998 1221 1023 esse
1251 986 1442 1033 Liberam,

120 1067 236 1105 quam
257 1053 436 1091 eamdem
448 1052 720 1101 Proserpinam
734 1058 884 1097 vocant,
898 1064 946 1088 ex
967 1051 1242 1089 Hennensium
1261 1065 1442 1091 nemore:

120 1120 184 1169 qui
213 1120 331 1164 locus,
353 1118 460 1168 quod
485 1118 523 1155 in
552 1118 679 1155 media
708 1124 766 1155 est
792 1117 916 1154 insula
946 1118 1049 1163 situs,
1071 1117 1272 1155 umbilicus
1295 1118 1442 1156 Siciliae

121 1185 360 1223 nominatur:
409 1196 526 1233 quam
564 1195 684 1232 quum
722 1183 949 1232 investigare
989 1189 1026 1220 et
1065 1184 1290 1233 conquirere
1326 1183 1442 1222 Ceres

119 1250 239 1295 vellet,
262 1250 397 1287 dicitur
425 1249 686 1286 inflammasse
716 1249 848 1286 taedas
879 1249 922 1286 iis
951 1249 1115 1296 ignibus,
1138 1250 1203 1298 qui
1224 1261 1270 1287 ex
1292 1250 1442 1288 Aetnae

118 1316 256 1353 vertice
285 1321 511 1364 erumpunt:
551 1326 646 1364 quas
681 1314 751 1350 sibi
781 1326 900 1362 quum
939 1314 1022 1363 ipsa
1060 1314 1276 1363 praeferret,
1308 1316 1443 1353 orbem

118 1382 294 1420 omnium
323 1392 547 1430 peragrasse
576 1386 771 1416 terrarum.
830 1379 975 1416 Henna
1004 1387 1142 1425 autem,
1173 1381 1237 1417 ubi
1268 1393 1323 1427 ea,
1345 1393 1443 1431 quae

119 1447 218 1492 dico,
239 1452 348 1496 gesta
368 1458 451 1484 esse
472 1452 746 1490 memorantur,
769 1451 826 1482 est
846 1444 934 1482 1000
955 1445 1154 1493 praecelso
1177 1452 1291 1495 atque
1312 1447 1415 1484 edito
1433 1461 1440 1484 ε

119 1524 197 1562 quo
217 1512 256 1549 in
277 1523 430 1549 summo
450 1516 508 1548 est
538 1516 701 1560 aequata
720 1510 800 1559 agri
820 1510 998 1559 planities
1029 1517 1066 1547 et
1086 1523 1208 1560 aquae
1229 1524 1440 1560 perennes;

119 1585 199 1615 tota
235 1589 326 1615 vero
368 1577 418 1614 ab
457 1576 563 1614 omni
606 1575 710 1612 aditu
755 1576 980 1613 circumcisa
1026 1582 1139 1624 atque
1184 1576 1328 1614 directa
1373 1585 1441 1616 est.

120 1643 249 1689 Quam
278 1643 379 1680 circa
405 1642 510 1679 lacus
539 1641 690 1690 lucique
721 1647 809 1678 sunt
838 1641 989 1689 plurimi
1028 1648 1065 1679 et
1102 1642 1298 1680 laetissimi
1328 1643 1442 1682 flores

118 1708 225 1745 omni
262 1713 435 1756 ternpore
473 1706 585 1744 anni:
633 1706 740 1744 locus
769 1713 809 1743 ut
838 1706 920 1755 ipse
958 1713 1110 1755 raptum
1140 1708 1245 1744 illum
1274 1709 1441 1757 virginis,

118 1785 234 1823 quem
263 1772 339 1809 iam
368 1784 390 1810 a
418 1772 546 1821 pueris
575 1772 806 1821 accepimus,
829 1772 1020 1808 declarare
1049 1772 1229 1809 videatur.
1287 1773 1441 1812 Etenim

117 1850 238 1888 prope
258 1844 316 1875 est
336 1838 518 1887 spelunca
538 1838 741 1886 quaedam,
763 1849 950 1874 conversa
970 1837 1019 1874 ad
1039 1838 1271 1886 aquilonem,
1292 1839 1440 1877 infinita

117 1903 325 1949 altitudine,
348 1915 424 1952 qua
453 1903 583 1940 Ditem
612 1909 760 1952 patrem
781 1906 905 1941 ferunt
929 1910 1086 1952 repente
1116 1915 1205 1940 cum
1235 1916 1346 1942 curru
1375 1918 1441 1943 ex-

116 1969 266 2014 stitisse,
289 1970 563 2019 abreptamque
583 1982 631 2007 ex
652 1981 698 2006 eo
719 1969 807 2007 loco
839 1969 1023 2018 virginem
1051 1981 1182 2007 secum
1210 1978 1438 2020 asportasse,

117 2041 155 2073 et
174 2035 301 2072 subito
321 2046 401 2072 non
420 2035 536 2084 longe
556 2047 578 2072 a
599 2035 795 2084 Syracusis
815 2041 1036 2083 penetrasse
1056 2035 1127 2072 sub
1146 2041 1277 2081 terras,
1298 2036 1440 2073 lacum-

118 2111 192 2150 que
212 2101 253 2137 in
277 2112 326 2138 eo
351 2100 439 2137 loco
458 2107 617 2149 repente
637 2101 847 2138 exstitisse:
889 2100 955 2137 ubi
980 2111 1103 2149 usque
1123 2100 1172 2137 ad
1192 2100 1268 2138 hoc
1287 2107 1440 2151 tempus

120 2165 348 2215 Syracusani
369 2166 486 2203 festos
506 2166 587 2203 dies
617 2166 896 2203 anniversarios
925 2172 1045 2215 agunt
1074 2165 1323 2204 celeberrimo
1343 2167 1439 2204 viro-

117 2243 202 2268 rum
220 2231 498 2279 mulierumque
514 2238 718 2269 conventu.

175 2308 209 2333 2.
239 2295 399 2345 Propter
417 2295 529 2334 huius
549 2296 744 2345 opinionis
764 2302 1001 2343 vetustatem,
1022 2296 1128 2346 quod
1148 2310 1283 2335 eorum
1313 2298 1352 2335 in
1380 2297 1440 2336 his

117 2359 214 2400 locis
234 2361 394 2411 vestigia
421 2373 466 2399 ac
495 2373 617 2412 prope
643 2362 876 2399 incunabula
896 2362 1133 2413 reperiuntur
1153 2363 1326 2410 deorum,
1346 2364 1441 2402 mira
