1587 2533
130 101 207 143 170
465 98 711 129 EXTRACTS
739 97 875 127 FROM
903 97 1084 128 CICERO·
1271 97 1350 128 Sect.
1381 96 1437 127 IV.

178 202 215 237 7.
245 197 299 235 Ut
319 209 408 234 vero
430 205 637 246 perpetuus
656 196 789 233 mundi
809 202 909 233 esset
928 201 1084 232 ornatus
1108 206 1250 243 magna
1269 194 1438 231 adhibita

127 275 218 300 cura
238 269 295 300 est
315 275 337 299 a
357 262 594 311 providentia
614 261 783 307 deorum,
803 266 845 297 ut
865 272 1015 309 semper
1031 266 1158 296 essent
1178 265 1214 296 et
1233 259 1440 296 bestiarum

128 339 271 376 genera
291 334 327 364 et
347 327 525 363 arborum
546 326 795 374 omniumque
815 337 952 370 rerum,
973 336 1070 372 quae
1092 336 1114 360 a
1139 330 1238 360 terra
1265 323 1442 371 stirpibus

128 392 424 429 continerentur.
483 389 593 436 Quae
607 390 763 438 quidem
779 390 911 426 omnia
931 401 1016 425 eam
1034 389 1110 424 vim
1127 388 1282 425 seminis
1301 386 1443 424 habent

125 456 165 492 in
185 468 236 498 se,
258 462 298 492 ut
319 468 365 492 ex
385 466 464 492 uno
485 454 594 502 plura
616 461 855 502 generentur,
876 453 990 502 idque
1015 464 1146 489 semen
1173 451 1361 489 inclusum
1386 457 1444 488 est

129 522 168 558 in
189 522 322 558 intima
342 526 447 569 parte
474 532 605 556 earum
626 521 839 561 baccarum,
860 530 958 567 quae
979 530 1025 554 ex
1046 529 1197 566 quaque
1223 518 1338 565 stirpe
1357 515 1443 553 fun-

129 587 290 631 duntur;
321 586 535 634 iisdemque
564 585 771 621 seminibus
798 590 835 621 et
860 583 1037 620 homines
1067 582 1211 618 affatim
1240 586 1444 618 vescuntur

129 657 164 688 et
186 657 305 687 terrae
325 650 497 686 eiusdem
525 649 676 697 generis
708 649 879 697 stirpium
913 647 1158 685 renovatione
1192 646 1442 694 complentur.

128 715 234 761 Quid
254 715 387 763 loquar
407 721 571 763 quantus
593 725 700 751 amor
722 713 926 750 bestiarum
947 713 994 749 sit
1016 712 1054 748 in
1084 711 1292 748 educandis
1320 716 1445 747 custo-

129 780 353 829 diendisque
374 779 418 816 iis
439 791 536 828 quae
557 784 861 828 procreaverunt,
881 789 1004 826 usque
1025 777 1073 813 ad
1101 788 1189 814 eum
1217 776 1334 813 finem
1354 775 1446 812 dum

128 846 279 895 possint
299 857 339 882 se
359 845 443 893 ipsa
467 843 695 880 defendere?
752 842 834 879 Etsi
862 843 999 891 pisces,
1019 848 1059 878 ut
1088 842 1205 886 aiunt,
1228 852 1300 877 ova
1328 851 1446 889 quum

130 915 354 960 genuerunt,
375 909 615 958 relinquunt:
646 907 754 945 facile
789 907 891 945 enim
921 907 982 944 illa
1010 918 1111 955 aqua
1137 913 1174 942 et
1205 906 1445 949 sustinentur,

132 983 170 1013 et
202 975 320 1012 fetum
354 974 528 1011 fundunt.
587 973 819 1010 Testudines
849 980 975 1009 autem
999 978 1036 1008 et
1063 971 1278 1008 crocodilos
1305 970 1447 1015 dicunt,

131 1054 250 1091 quum
271 1041 311 1077 in
339 1046 437 1076 terra
463 1047 612 1088 parturn
641 1039 838 1083 ediderint,
859 1039 1018 1075 obruere
1051 1049 1134 1082 ova,
1156 1037 1294 1074 deinde
1326 1036 1447 1074 disce-

133 1108 243 1144 dere:
285 1106 337 1142 ita
370 1111 407 1141 et
446 1110 654 1141 nascuntur
692 1110 728 1140 et
766 1103 974 1140 educantur
1004 1103 1086 1150 ipsa
1115 1114 1183 1150 per
1213 1113 1306 1139 sese.
1363 1100 1448 1138 Iam

133 1171 296 1220 gallinae
317 1181 482 1218 avesque
503 1169 668 1216 reliquae
689 1175 726 1204 et
745 1169 914 1216 quietum
933 1168 1126 1216 requirunt
1151 1166 1199 1203 ad
1220 1165 1449 1215 pariendum

135 1237 276 1281 locum,
311 1241 347 1272 et
381 1234 517 1271 cubilia
550 1234 620 1270 sibi
659 1233 846 1281 nidosque
884 1239 1116 1277 construunt,
1152 1243 1296 1280 eosque
1333 1241 1448 1279 quam

134 1307 295 1350 possunt
325 1300 546 1337 mollissime
577 1299 833 1343 substernunt,
853 1304 895 1334 ut
923 1309 1040 1345 quam
1067 1296 1244 1334 facillime
1273 1307 1346 1333 ova
1374 1306 1451 1332 ser·

135 1372 269 1403 ventur
286 1379 293 1402 ε
325 1377 371 1402 ex
392 1365 529 1413 quibus
552 1363 678 1412 pullos
699 1375 817 1413 quum
838 1362 1076 1407 excluserint,
1097 1362 1148 1398 ita
1174 1367 1335 1406 tuentur,
1355 1367 1396 1398 ut
1417 1366 1454 1396 et

136 1430 275 1480 pennis
296 1429 460 1473 foveant,
482 1440 529 1465 ne
551 1428 689 1476 frigore
711 1427 919 1471 laedantur,
942 1434 988 1471 et,
1012 1427 1042 1463 si
1063 1433 1120 1464 est
1141 1426 1243 1463 calor
1262 1438 1284 1462 a
1299 1425 1390 1470 sole,
1412 1436 1453 1462 se

139 1501 352 1545 opponant.
410 1493 542 1539 Quum
576 1500 703 1530 autem
734 1492 825 1541 pulli
856 1492 1034 1540 pennulis
1074 1492 1126 1528 uti
1165 1497 1338 1540 possunt,
1371 1497 1454 1527 tum

139 1561 285 1597 volatus
306 1571 439 1596 eorum
459 1566 598 1595 matres
623 1564 917 1606 prosequuntur,
938 1557 1082 1605 reliqua
1115 1568 1204 1593 cura
1237 1556 1451 1593 liberantur.

141 1625 302 1662 Accedit
322 1624 437 1661 etiarn
464 1623 513 1660 ad
537 1622 810 1659 nonnullorum
831 1622 1081 1658 animantium
1109 1627 1145 1657 et
1173 1632 1303 1657 earum
1329 1631 1455 1657 rerum

141 1702 236 1740 quas
256 1696 354 1726 terra
383 1689 504 1737 gignit
533 1688 863 1725 conservationem
895 1693 932 1723 et
962 1686 1120 1723 salutem
1150 1685 1351 1722 hominum
1380 1683 1455 1721 sol-

141 1755 249 1792 lertia
268 1761 305 1791 et
325 1754 529 1802 diligentia.
586 1751 689 1790 Nam
720 1752 859 1788 multae
893 1758 929 1788 et
948 1750 1115 1799 pecudes
1136 1756 1172 1787 et
1194 1750 1328 1799 stirpes
1358 1754 1456 1794 sunt,

143 1831 240 1868 quae
262 1820 342 1856 sine
363 1818 629 1868 procuratione
649 1817 849 1854 hominum
869 1815 993 1853 salvae
1013 1827 1097 1852 esse
1117 1826 1197 1851 non
1217 1820 1389 1863 possunt.

199 1888 238 1921 8.
268 1883 436 1932 Magnae
457 1884 571 1920 etiam
591 1882 893 1931 opportunitates
908 1880 957 1917 ad
973 1880 1115 1917 cultum
1128 1880 1329 1916 hominum
1344 1884 1459 1928 atque

147 1949 421 1987 abundantiam
442 1949 536 1985 aliae
557 1948 638 1985 aliis
651 1948 690 1984 in
705 1947 798 1984 locis
811 1946 1057 1994 reperiuntur.
1115 1946 1335 1993 Aegyptum
1348 1943 1460 1981 Nilus

148 2016 288 2065 irrigat,
310 2021 357 2059 et,
385 2026 504 2063 quum
534 2019 615 2050 tota
645 2018 787 2050 aestate
823 2012 998 2048 obrutam
1027 2009 1299 2059 oppletamque
1328 2010 1462 2056 tenuit,

149 2089 231 2118 tum
250 2079 394 2117 recedit
412 2079 655 2127 mollitosque
680 2084 717 2115 et
736 2077 938 2114 oblimatos
963 2087 1076 2123 agros
1103 2075 1151 2111 ad
1175 2075 1378 2112 serendum
1402 2086 1461 2112 re-

146 2145 293 2195 linquit.
350 2143 676 2193 Mesopotamiam
696 2142 856 2179 fertilem
891 2140 1004 2178 efficit
1029 2139 1254 2189 Euphrates,
1275 2139 1315 2176 in
1344 2151 1461 2188 quam

152 2210 359 2260 quotannis
392 2210 501 2258 quasi
531 2221 653 2246 novos
686 2219 799 2257 agros
829 2206 981 2243 invehit.
1037 2204 1157 2242 Indus
1189 2216 1290 2249 vero,
1311 2205 1376 2253 qui
1405 2210 1463 2242 est

153 2276 328 2312 omnium
347 2274 549 2311 fluminum
568 2274 770 2317 maximus,
792 2282 871 2309 non
892 2283 991 2321 aqua
1010 2270 1135 2307 solum
1155 2281 1269 2318 agros
1288 2268 1464 2306 laetificat

152 2348 190 2378 et
208 2340 366 2389 mitigat,
388 2339 456 2377 sed
475 2351 542 2377 eos
562 2339 677 2376 etiam
697 2338 888 2377 conserit:
918 2347 1100 2385 magnam
1127 2335 1231 2372 enim
1257 2334 1331 2371 vim
1351 2333 1463 2372 semi-

1463 321 1522 353 160

1467 649 1524 690 165

1472 1298 1529 1331 Ῐ75

1476 1621 1536 1651 180

1480 1946 1539 1987 185

1483 2279 1544 2312 190
