1587 2533
95 137 177 180 234
433 131 678 163 EXTRACTS
706 132 841 162 FROM
870 132 1050 163 CICERO.
1269 132 1347 164 Sect.
1368 133 1407 163 V.

96 231 239 269 libidini
269 243 387 269 suae:
426 243 538 268 mane
569 231 755 268 Kalendis
783 231 987 268 Decembr.
1016 236 1057 270 ut
1087 230 1266 276 edixerat,
1297 230 1406 267 Sthe-

94 297 201 333 nium
222 297 326 334 citari
341 297 455 333 iubet.
514 296 553 332 Si
580 296 647 332 abs
674 302 709 332 te
739 297 850 333 istam
877 308 958 332 rem
978 307 1117 345 parens
1143 300 1229 332 tuus
1250 295 1407 331 alicuius

94 363 207 399 amici
235 369 373 410 rogatu
405 361 640 409 benignitate
669 368 733 398 aut
771 362 979 399 ambitione
1018 360 1205 398 adductus
1241 361 1408 409 petisset,

96 427 319 474 gravissima
357 433 486 463 tamen
524 426 627 475 apud
663 432 700 462 te
729 426 901 463 voluntas
940 425 1056 475 patris
1091 436 1175 462 esse
1205 424 1408 470 debuisset,

96 504 215 540 quum
235 503 324 527 vero
345 492 413 527 abs
433 497 468 527 te
490 491 541 527 tui
563 491 696 539 capitis
717 503 832 528 causa
852 496 996 540 peteret
1016 489 1267 538 hominesque
1289 496 1410 527 certos
1429 499 1492 533 170

95 557 213 593 domo
232 555 408 600 misisset,
429 554 544 604 hique
571 567 618 592 eo
639 562 810 603 tempore
844 555 893 592 ad
919 562 954 592 te
974 555 1177 599 venissent,
1200 566 1318 602 quum
1344 554 1410 591 tibi

93 621 132 658 in
161 621 311 669 integro
340 627 420 657 tota
448 632 508 657 res
538 627 647 665 esset,
675 633 723 657 ne
751 627 832 657 tum
862 620 1016 669 quidem
1045 626 1081 656 te
1110 619 1243 668 potuit,
1271 619 1302 656 si
1332 630 1412 655 non

93 686 253 734 pietatis,
275 692 312 722 at
339 685 467 722 salutis
494 691 580 722 tuae
607 686 701 722 ratio
732 686 781 722 ad
801 685 970 721 officium
1000 684 1277 732 sanitatemque
1300 683 1412 720 redu-

94 751 208 788 cere?
266 749 366 787 Citat
403 761 534 786 reum:
583 761 663 786 non
700 749 918 798 respondet.
986 747 1086 786 Citat
1125 754 1412 785 accusatorem:

96 815 304 866 (attendite,
326 827 481 865 quaeso,
503 815 670 852 iudices:
702 815 836 860 videte,
853 820 996 864 quanto
1020 825 1135 862 opere
1156 813 1261 850 istius
1281 824 1411 849 amen·
1433 827 1492 861 175

94 882 169 918 tiae
198 880 350 917 fortuna
379 881 463 928 ipsa
493 880 689 917 adversata
718 880 775 925 sit,
797 886 833 916 et
863 879 975 916 simul
1003 878 1139 924 videte,
1161 878 1245 926 quis
1267 877 1413 914 Sthenii

96 957 251 982 causam
296 957 408 982 casus
450 944 632 981 adiuverit
649 947 678 991 z)
723 944 857 981 citatus
900 950 1110 989 accusator,
1155 942 1210 980 M.
1237 942 1412 989 Pacilius,

95 1011 229 1048 nescio
269 1022 346 1059 quo
376 1022 477 1055 casu,
507 1021 586 1046 non
624 1009 833 1058 respondit,
864 1021 944 1046 non
982 1009 1100 1046 affuit.
1159 1008 1198 1046 Si
1231 1019 1413 1058 praesens

99 1074 275 1112 Sthenius
304 1086 390 1112 reus
420 1080 521 1111 esset
549 1073 691 1111 faetus:
732 1074 763 1111 si
791 1074 995 1111 manifesto
1024 1074 1063 1110 in
1092 1074 1280 1110 maleficio
1308 1078 1414 1110 tene-

94 1147 218 1186 retur;
248 1147 389 1185 tamen,
411 1151 528 1188 quum
560 1145 760 1176 accusator
788 1151 868 1176 non
898 1139 1059 1184 adesset,
1092 1138 1291 1176 Sthenium
1320 1149 1413 1175 con·
1434 1144 1496 1175 180

96 1205 268 1243 demnari
288 1217 368 1241 non
388 1210 590 1253 oporteret.
640 1203 804 1249 Etenim,
823 1204 853 1240 si
873 1211 1004 1253 posset
1020 1216 1105 1241 reus
1126 1204 1282 1241 absente
1302 1214 1413 1240 accu-

97 1278 221 1308 satore
242 1269 502 1315 condemnari,
519 1281 598 1306 non
619 1281 691 1318 ego
708 1281 730 1306 a
744 1268 898 1305 Vibone
915 1269 1065 1306 Veliam
1085 1269 1241 1318 parvulo
1262 1267 1413 1315 navigio

97 1336 194 1373 inter
222 1334 465 1383 fugitivorum
494 1346 539 1371 ac
567 1334 806 1383 praedonum
836 1346 880 1371 ac
910 1340 974 1371 tua
1004 1334 1078 1370 tela
1106 1334 1307 1375 venissem,
1337 1343 1414 1382 quo

97 1408 269 1449 tempore
300 1399 425 1437 omnis
454 1398 515 1436 illa
545 1411 630 1435 mea
660 1398 850 1436 festinatio
876 1397 944 1435 fuit
973 1411 1060 1436 cum
1089 1397 1257 1448 periculo
1281 1397 1416 1447 capitis

98 1466 150 1502 ob
170 1477 255 1502 eam
277 1476 443 1509 causam,
464 1476 512 1501 ne
533 1470 573 1500 tu
593 1476 641 1500 ex
661 1464 733 1500 reis
755 1464 974 1509 eximerere,
996 1464 1026 1501 si
1047 1475 1121 1512 ego
1142 1463 1191 1500 ad
1212 1463 1313 1500 diem
1335 1474 1415 1499 non
1437 1468 1496 1508 185

99 1531 306 1568 affuissem.
354 1529 474 1575 Quod
500 1528 611 1577 igitur
631 1529 696 1565 tibi
717 1535 795 1565 erat
815 1529 854 1565 in
874 1535 939 1565 tuo
960 1528 1099 1565 iudicio
1121 1528 1415 1576 optatissimum,

99 1609 172 1641 me,
203 1607 321 1645 quum
351 1595 484 1632 citatus
513 1606 648 1639 esseni,
668 1605 747 1630 non
776 1593 921 1638 adesse,
950 1605 1016 1630 cur
1046 1592 1205 1630 Sthenio
1235 1605 1316 1629 non
1345 1604 1417 1641 pu-

101 1662 186 1698 tasti
216 1660 399 1710 prodesse
429 1665 617 1707 oportere,
639 1671 757 1708 quum
787 1659 867 1695 eius
897 1664 1095 1695 accusator
1124 1670 1204 1694 non
1229 1658 1418 1695 affuisset?

101 1726 236 1774 Itaque
257 1725 354 1769 fecit,
376 1730 417 1761 ut
438 1724 561 1761 exitus
581 1723 768 1772 principio
790 1722 1002 1759 simillimus
1028 1723 1274 1771 reperiretur:
1304 1734 1420 1770 quem

103 1791 301 1828 absentem
319 1801 427 1827 reum
448 1788 599 1835 fecerat,
620 1800 708 1825 eum
728 1788 884 1825 absente
904 1794 1125 1825 accusatore
1147 1787 1391 1825 condemnat.
1441 1800 1503 1835 ¹90

450 1954 491 1988 4.
525 1948 565 1986 T
558 1950 600 1987 he
620 1948 731 1998 Story
749 1949 797 1999 of
810 1949 928 1988 Caius
947 1949 1078 1988 Heius.

163 2072 195 2098 1.
227 2059 270 2098 C.
291 2059 415 2098 Heius
445 2066 502 2097 est
530 2059 782 2097 Mamertinus
813 2059 964 2110 (omnes
993 2059 1070 2097 hoc
1098 2059 1203 2105 mihi,
1225 2059 1290 2109 qui
1318 2058 1421 2098 Mes-

107 2138 239 2163 sanam
269 2132 520 2171 accesserunt,
542 2125 650 2162 facile
681 2125 910 2170 concedent)
943 2126 1122 2162 omnibus
1152 2126 1265 2162 rebus
1294 2124 1334 2161 in
1362 2123 1424 2161 illa.

107 2190 254 2227 civitate
285 2190 556 2227 ornatissimus.
616 2190 744 2227 Huius
785 2190 922 2227 domus
960 2197 1016 2227 est
1044 2190 1102 2227 vel
1135 2190 1281 2238 optima
1318 2188 1424 2226 Mes-

107 2266 232 2300 sanae,
253 2255 452 2292 notissima
471 2255 626 2304 quidem
653 2262 764 2300 certe,
785 2261 822 2292 et
851 2254 991 2292 nostris
1017 2253 1238 2291 hominibus
1268 2253 1424 2302 apertis-

108 2321 204 2357 sima
223 2319 466 2368 maximeque
486 2319 693 2368 hospitalis.
750 2319 809 2357 Ea
830 2319 968 2357 domus
988 2326 1076 2356 ante
1092 2319 1298 2356 adventum
1318 2318 1424 2355 istius
1442 2328 1460 2361 5

109 2384 161 2421 sic
190 2391 324 2421 ornata
343 2383 422 2429 fuit,
443 2390 484 2421 ut
512 2384 595 2421 urbi
625 2396 778 2434 quoque
800 2391 898 2422 esset
918 2390 1158 2421 ornamento.
1218 2382 1321 2420 Nam
1341 2383 1425 2432 ipsa
