1587 2533
123 105 280 146 Chap.11.
524 105 680 136 OMENS
710 103 810 135 ΛΝΒ
838 103 1043 135 DREAMS.
1361 105 1441 149 109

66 219 105 251 55
127 205 268 243 debent
298 216 394 242 esse.
450 204 569 254 Atqui
595 210 632 242 et
661 210 881 242 nostrorum
909 216 1097 254 augurum
1124 209 1161 241 et
1193 201 1443 240 Etruscorum

125 270 371 320 haruspicum
408 269 648 319 disciplinam
686 269 727 307 P.
749 269 939 318 Scipione,
978 270 1019 308 C.
1045 268 1182 319 Figulo
1220 267 1443 306 consulibus

125 347 186 373 res
205 335 289 384 ipsa
314 335 508 385 probavit:
539 347 637 384 quos
664 346 784 383 quum
813 334 874 373 Ti.
900 334 1110 379 Gracchus,
1132 333 1266 371 consul
1295 333 1442 379 iterum,

127 406 280 447 crearet,
302 401 448 451 primus
474 407 706 449 rogatorum,
726 406 768 437 ut
789 411 865 446 eos,
882 400 1016 446 retulit,
1038 399 1181 437 ibidem
1207 404 1264 436 est
1286 404 1443 447 repente

127 473 309 505 mortuus.
366 466 565 504 Gracchus
603 477 722 515 quum
756 465 912 503 comitia
944 465 1192 503 nihilominus
1219 464 1443 514 peregisset,

67 538 108 570 60
126 544 284 582 remque
303 531 405 569 illam
424 532 463 569 in
483 532 707 581 religionem
734 531 880 580 populo
910 531 1059 569 venisse
1080 532 1246 578 sentiret,
1266 530 1315 568 ad
1336 541 1446 568 sena-

126 604 207 636 tum
237 598 370 636 retulit.
429 597 591 635 Senatus
627 609 725 646 quos
759 597 808 634 ad
840 596 979 634 soleret
1011 596 1253 635 referendum
1285 595 1444 634 censuit.

127 664 364 713 Haruspices
390 663 594 701 introducti
614 663 894 712 responderunt
920 673 1001 699 non
1020 662 1138 701 fuisse
1164 664 1305 700 iustum
1326 661 1446 699 comi—

125 729 266 768 tiorum
296 735 526 778 rogatorem.
582 728 686 766 Tum
718 727 928 773 Gracchus,
963 734 1004 765 ut
1030 740 1051 765 e
1084 735 1190 777 patre
1229 727 1443 772 audiebam,

125 794 305 832 incensus
325 794 389 841 ira,
411 796 420 813 ⁴
433 793 542 830 Itane
562 794 676 831 vero?
707 805 782 842 ego
799 805 878 830 non
890 792 1020 839 iustus,
1039 793 1154 841 quiet
1166 792 1302 831 consul
1316 791 1445 841 rogavi

65 856 103 898 65
126 865 163 897 et
184 872 303 909 augur
322 865 359 897 et
379 859 604 908 auspicato?
633 870 682 896 an
701 870 780 905 vos,
802 858 921 895 Tusci
941 870 985 896 ac
1004 858 1164 905 barbari,
1186 858 1446 907 auspiciorum

126 925 257 974 populi
292 924 462 962 Romani
495 925 552 963 ius
585 924 721 962 tenetis
752 930 789 962 et
821 924 1046 974 interpretes
1080 936 1164 962 esse
1203 924 1446 961 comitiorum

125 990 286 1040 potestis
298 989 322 1028 ?'
365 990 505 1044 {anue
520 989 970 1045 {Pisiinoffisssslsssilllssslt:
1025 988 1119 1027 Post
1139 995 1267 1026 autem
1286 1001 1333 1026 ex
1354 1001 1445 1039 pro-

125 1055 249 1093 vincia
268 1055 408 1093 litteras
429 1055 478 1093 ad
505 1055 708 1104 collegium
732 1054 843 1100 misit,
865 1066 915 1100 se,
938 1067 1057 1104 quum
1076 1055 1220 1104 legeret
1238 1055 1369 1100 libros,
1385 1067 1446 1093 re-

126 1121 326 1158 cordatum
346 1132 442 1167 esse,
461 1121 551 1158 vitio
579 1121 651 1157 sibi
677 1120 964 1157 tabernaculum
989 1127 1145 1169 captum
1164 1120 1293 1167 fuisse,
1313 1120 1447 1159 hortos

68 1199 107 1232 70
128 1185 330 1235 Scipionis,
352 1185 467 1235 quod,
489 1198 608 1236 quum
641 1186 883 1235 pomoerium
903 1193 1038 1234 postea
1069 1186 1246 1224 intrasset
1279 1185 1447 1224 habendi

127 1258 281 1289 senatus
301 1263 427 1305 causa,
448 1251 487 1288 in
514 1251 721 1297 redeundo,
744 1263 862 1300 quum
887 1251 990 1289 idem
1014 1252 1233 1301 pomerium
1259 1252 1447 1299 transiret,

126 1318 313 1367 auspicari
352 1323 452 1355 esset
481 1318 642 1356 oblitus:
684 1318 812 1367 itaque
845 1317 934 1355 vitio
964 1325 1113 1356 creatos
1142 1317 1319 1356 consules
1349 1330 1445 1356 esse.

124 1382 302 1432 Augures
321 1395 401 1420 rem
428 1383 476 1420 ad
506 1389 703 1420 senatum:
732 1389 897 1430 senatus,
918 1389 958 1420 ut
987 1383 1209 1421 abdicarent
1244 1384 1446 1422 consules:

125 1447 408 1485 abdicaverunt.
467 1446 579 1494 Quae
599 1448 818 1498 quaerimus
837 1449 1013 1498 exempla
1028 1450 1200 1487 maiora?
1256 1448 1327 1487 Vir
1348 1450 1449 1499 sapi-

68 1523 106 1557 75
126 1513 344 1551 entissimus
385 1519 499 1562 atque
537 1513 639 1551 haud
677 1513 758 1552 scio
797 1526 846 1551 an
883 1514 1059 1552 omnium
1096 1515 1447 1565 praestantissimus

126 1586 329 1629 peccatum
362 1590 486 1625 suum,
513 1579 619 1629 quod
648 1579 762 1617 celari
794 1586 936 1630 posset,
961 1580 1133 1618 confiteri
1166 1581 1308 1627 maluit,
1330 1593 1448 1630 quam

127 1644 281 1682 haerere
314 1644 353 1682 in
385 1645 582 1694 republica
614 1644 864 1694 religionem:
895 1646 1073 1684 consules
1103 1658 1299 1684 summurn
1325 1647 1449 1696 impe-

126 1710 225 1747 rium
258 1710 384 1747 statim
418 1710 623 1759 deponere,
658 1722 774 1762 quam
807 1710 847 1749 id
880 1717 1010 1749 tenere
1044 1718 1233 1762 punctum
1264 1712 1448 1762 temporis

126 1781 261 1814 contra
287 1775 523 1826 religionem.
1017 1765 1020 1767 ‚

647 1969 838 2009 CHAP.
879 1970 930 2009 ΙΙ.

179 2104 214 2139 1.
247 2098 352 2147 Quid
380 2105 437 2137 est
462 2098 585 2148 igitur,
607 2110 673 2137 cur
697 2098 951 2137 dubitandum
977 2098 1034 2146 sit,
1057 2099 1149 2150 quin
1176 2099 1252 2139 sint
1271 2112 1327 2148 ea,
1349 2113 1448 2151 quae

127 2165 326 2216 disputavi,
363 2164 584 2202 verissima?
641 2164 681 2202 Si
718 2165 816 2202 ratio
853 2177 1007 2202 mecum
1044 2165 1145 2213 facit,
1175 2166 1206 2204 si
1235 2172 1380 2213 eventa,
1416 2166 1448 2205 si

127 2231 272 2282 populi,
301 2230 332 2269 si
362 2229 550 2275 nationes,
583 2229 615 2267 si
646 2229 796 2276 Graeci,
824 2230 856 2268 si
886 2231 1047 2278 barbari,
1074 2231 1106 2270 si
1137 2231 1301 2269 maiores
1333 2232 1448 2270 etiam

128 2297 259 2343 nostri,
289 2296 320 2334 si
351 2295 515 2344 denique
545 2294 619 2332 hoc
654 2306 806 2344 semper
836 2295 888 2333 ita
920 2302 1094 2346 putatum
1128 2298 1210 2335 est?
1245 2297 1275 2335 si
1307 2298 1448 2335 summi

92 2374 110 2406 5
129 2361 362 2413 philosophi,
392 2361 423 2400 si
460 2367 610 2411 poetae,
638 2360 670 2399 si
708 2361 976 2411 sapientissimi
1004 2362 1082 2410 viri,
1111 2362 1176 2413 qui
1209 2362 1444 2412 respublicas
