1587 2533
540 88 699 119 GREEK
729 87 1013 120 ANECDOTES.
1382 90 1405 120 2
1414 91 1427 118 Ι

113 182 225 230 Quae
261 183 379 232 regio,
417 194 517 232 quae
555 193 632 228 ora,
665 182 731 231 qui
767 181 875 220 locus
914 180 1112 227 Graeciae,
1153 192 1251 230 quae
1286 180 1433 230 speeies

113 248 311 297 formaque
344 260 508 298 pugnae,
537 260 636 297 quae
670 248 781 293 acies,
817 247 922 297 quod
955 247 1169 295 remigium,
1204 246 1269 296 qui
1308 252 1435 283 motus

58 329 93 361 ²5
113 314 325 360 hominum,
355 314 420 364 qui
449 313 612 351 ferarum
645 325 726 350 non
759 313 812 350 ita
841 313 1016 362 expictus
1051 318 1119 358 est,
1139 318 1191 358 ut,
1221 324 1319 360 quae
1352 312 1434 361 ipse

114 393 194 419 non
225 380 369 426 viderit,
403 391 476 418 nos
506 385 548 416 ut
580 378 795 417 videremus
827 378 1020 416 effecerit?
1069 377 1176 424 Quid
1209 378 1329 427 ergo?
1372 384 1436 414 aut

115 446 290 484 Homero
325 444 616 484 delectationem
650 444 767 482 animi
799 456 843 481 ac
876 444 1121 493 voluptatem,
1158 450 1223 481 aut
1257 443 1436 492 cuiquam

115 512 231 550 docto
268 511 435 549 defuisse
471 522 657 560 umquam
695 510 946 547 arbitramur?
995 509 1084 552 Aut,
1122 509 1162 546 ni
1200 510 1252 546 ita
1293 521 1333 546 se
1374 521 1434 546 res

115 578 282 623 haberet,
320 577 573 625 Anaxagoras
620 581 684 613 aut
727 575 790 613 hic
837 575 919 624 ipse
957 574 1203 613 Democritus
1251 586 1363 624 agros
1402 581 1437 612 et

57 661 98 691 30
116 643 345 693 patrimonia
392 654 462 680 sua
506 641 758 691 reliquissent,
797 641 887 678 huic
935 640 1109 679 discendi
1153 640 1437 690 quaerendique

117 709 267 747 divinae
306 707 548 746 delectationi
586 712 668 745 toto
717 718 758 744 se
805 706 935 744 animo
984 706 1245 744 dedidissent?
1302 705 1437 755 Itaque

116 785 300 823 augurem
329 772 530 818 Tiresiam,
561 784 678 822 quem
712 771 925 821 sapientem
954 771 1106 820 fingunt
1140 777 1291 820 poetae,
1327 783 1438 808 num-

117 852 233 890 quam
270 839 457 877 inducunt
504 838 770 888 deplorantem
818 837 1042 876 caecitatem
1081 849 1202 875 suam.
1259 837 1311 874 At
1349 850 1438 875 vero

117 905 398 956 Polyphemum
419 904 627 950 Homerus,
650 916 769 954 quum
795 903 1008 941 immanem
1032 902 1232 952 ferumque
1253 903 1437 949 finxisset,

57 978 96 1011 35
118 983 206 1009 cum
243 970 358 1008 ariete
392 970 508 1008 etiam
539 970 824 1020 colloquentem
857 969 947 1007 facit
980 969 1139 1019 eiusque
1173 968 1326 1006 laudare
1364 969 1439 1007 for—

116 1043 240 1082 tunas,
279 1035 385 1086 quod
432 1047 509 1085 qua
555 1035 666 1073 vellet
712 1034 861 1084 ingredi
907 1040 1051 1084 posset,
1099 1040 1137 1072 et
1185 1047 1283 1085 quae
1331 1034 1439 1072 vellet

117 1103 312 1152 attingere.
389 1101 509 1140 Recte
555 1100 617 1139 hic
664 1101 832 1151 quidem.
903 1099 1032 1138 Nihilo
1080 1100 1184 1137 enim
1232 1106 1312 1137 erat
1357 1100 1439 1150 ipse

117 1168 286 1218 Cyclops
306 1179 424 1218 quam
443 1166 539 1204 aries
559 1166 620 1204 ille
640 1166 875 1216 prudentior.

171 1233 219 1271 In
253 1233 435 1271 surditate
467 1244 557 1270 vero
588 1232 772 1283 quidnam
801 1238 858 1269 est
887 1231 1002 1268 mali?
1049 1230 1143 1268 Erat
1172 1231 1363 1269 surdaster
1383 1230 1438 1270 M.

57 1311 99 1342 40
117 1298 296 1337 Crassus:
319 1298 387 1336 sed
402 1297 505 1336 aliud
519 1297 730 1344 molestius,
752 1297 858 1347 quod
873 1297 972 1335 male
989 1296 1190 1344 audiebat;
1211 1297 1324 1334 etiam
1341 1298 1383 1344 si,
1398 1304 1440 1335 ut

116 1364 209 1403 mihi
221 1364 428 1410 videbatur,
441 1363 586 1402 iniuria.
613 1363 744 1401 Nostri
759 1363 909 1402 Graece
924 1363 1000 1401 fere
1013 1364 1201 1409 nesciunt,
1215 1376 1288 1401 nec
1302 1363 1439 1402 Graeci

118 1430 265 1469 Latine.
332 1429 438 1479 Ergo
458 1429 496 1467 hi
522 1429 562 1467 in
581 1429 744 1475 illorum,
764 1435 802 1467 et
822 1429 872 1466 illi
892 1429 931 1466 in
954 1429 1093 1466 horum
1114 1441 1292 1467 sermone
1312 1432 1437 1469 surdi:

118 1508 331 1546 omnesque
351 1507 423 1533 nos
442 1495 482 1533 in
507 1495 552 1533 iis
572 1494 710 1545 linguis
730 1507 825 1545 quas
845 1506 926 1531 non
955 1494 1211 1544 intelligimus,
1233 1508 1331 1545 quae
1352 1503 1440 1535 sunt

118 1561 427 1608 innumerabiles,
449 1560 552 1599 surdi
581 1560 757 1610 profecto
788 1572 932 1599 sumus.
989 1560 1041 1598 At
1070 1573 1206 1599 vocem
1231 1561 1441 1600 citharoedi

59 1640 98 1673 45
118 1639 199 1666 non
225 1627 408 1665 audiunt:
437 1639 486 1664 ne
513 1626 714 1665 stridorem
741 1626 898 1676 quidem
923 1638 1047 1664 serrae
1074 1632 1166 1673 tum,
1192 1639 1312 1676 quum
1338 1628 1440 1666 acui-

118 1699 202 1731 tur:
232 1699 296 1730 aut
315 1693 547 1742 grunnitum,
569 1704 689 1741 quum
715 1692 914 1742 iugulatur,
935 1692 1033 1730 suis:
1069 1705 1153 1738 nec,
1175 1704 1295 1741 quum
1315 1694 1439 1743 quies-

119 1771 205 1797 cere
243 1758 384 1805 volunt‚
423 1757 615 1796 fremitum
653 1757 925 1795 murmurantis
963 1757 1090 1795 maris.
1148 1757 1200 1795 Et
1237 1759 1268 1796 si
1307 1766 1442 1798 cantus

119 1836 187 1863 eos
213 1823 310 1862 forte
343 1823 544 1870 delectant,
575 1824 742 1873 primum
773 1823 941 1872 cogitare
973 1822 1126 1869 debent,
1160 1830 1368 1874 antequam
1402 1825 1440 1862 hi

120 1892 195 1930 sint
223 1891 375 1938 inventi,
405 1891 547 1929 multos
580 1891 691 1928 beate
720 1890 857 1928 vixisse
888 1889 1101 1938 sapientes:
1146 1889 1286 1928 deinde
1320 1891 1440 1929 multo

62 1969 104 2002 50
120 1958 307 1995 maiorem
335 1957 479 2007 percipi
507 1968 624 2007 posse
652 1955 826 2005 legendis
856 1955 914 1992 his
944 1967 1061 2004 quam
1091 1955 1290 1994 audiendis
1308 1956 1440 2006 volup-

119 2030 259 2063 tatem:
288 2031 380 2070 tum,
401 2030 443 2062 ut
469 2023 598 2074 paullo
619 2029 707 2061 ante
735 2034 872 2060 caecos
893 2021 942 2060 ad
971 2021 1118 2060 aurium
1145 2022 1441 2061 traducebamus

119 2090 364 2139 voluptatem,
404 2090 459 2128 sic
505 2089 593 2127 licet
634 2089 772 2126 surdos
810 2088 859 2126 ad
907 2088 1118 2126 oculorum.
1175 2088 1330 2126 Etenim
1376 2090 1441 2140 qui

121 2169 252 2196 secum
271 2157 376 2207 loqui
395 2156 545 2206 poterit,
566 2167 785 2194 sermonem
805 2154 956 2192 alterius
976 2167 1056 2192 non
1075 2155 1251 2205 requiret.

175 2221 441 2272 Congerantur
476 2223 515 2259 in
544 2234 665 2259 unum
699 2221 841 2265 omnia,
871 2226 912 2257 ut
940 2220 1043 2258 idem
1072 2221 1192 2258 oculis
1221 2227 1258 2258 et
1286 2221 1441 2260 auribus

62 2299 101 2333 55
121 2296 256 2338 captus
303 2288 360 2335 sit,
399 2277 593 2338 prematur
630 2287 746 2324 etiam
793 2286 989 2324 doloribus
1026 2286 1218 2324 acerrimis
1256 2288 1439 2336 corporis.

121 2353 198 2400 Qui
229 2354 395 2403 primum
428 2366 496 2403 per
541 2365 582 2391 se
614 2353 686 2402 ipsi
721 2352 947 2402 plerumque
981 2351 1188 2389 conficiunt
1220 2351 1438 2391 hominem:

10 901 33 911 a
