1587 2533
165 102 216 132 22
510 97 752 129 EXTRACTS
781 98 914 128 FROM
939 99 1116 129 CICERO.

164 191 340 230 sin'forte
359 191 634 241 longinquitate
661 192 836 241 producti
856 191 1115 230 vehementius
1140 198 1269 230 tamen
1294 198 1471 243 torquent

164 269 281 307 quam
308 263 350 294 ut
380 269 494 294 causa
523 257 569 293 sit
598 269 663 294 cur
691 256 867 300 ferantur,
889 257 979 306 quid
1008 264 1064 295 est
1092 258 1257 304 tandem,
1279 259 1329 296 dii
1356 259 1469 296 boni!

162 322 267 372 quod
295 322 537 359 laboremus?
579 321 717 358 Portus
744 323 845 358 enim
871 329 1024 371 praesto
1055 329 1120 368 est,
1141 334 1254 369 mors,
1276 329 1470 361 aeternum

161 387 252 424 nihil
273 386 460 424 sentiendi
476 386 769 435 receptaculum.
809 386 1039 424 Theodorus
1059 387 1287 436 Lysimacho
1305 395 1468 425 mortem
1487 396 1529 427 6ο

161 452 360 498 minitanti,
392 451 603 499 ‘Magnum
632 451 744 497 ver0‚'
780 451 912 500 inquit,
952 452 1141 498 ‘effecisti,
1175 453 1206 489 si
1243 453 1469 491 cantharidis

161 518 236 554 vim
266 523 494 554 consecutus
526 513 593 554 es.’
663 515 815 553 Paullus
846 516 982 554 Persae
1016 517 1235 566 deprecanti
1264 530 1312 555 ne
1341 519 1381 556 in
1409 519 1472 556 tri-

161 582 307 632 umpho
336 582 543 627 duceretur,
576 581 644 618 ‘In
672 588 738 618 tua
766 580 803 618 id
832 581 987 630 quidem
1014 589 1201 632 potestate
1231 583 1309 621 est.’

493 735 562 769 25.
627 731 763 780 Wrong
789 743 895 768 never
922 730 1138 780 Expedz'ent.

217 847 294 885 Sed
321 845 488 884 utilitatis
517 846 645 896 specie
673 846 713 883 in
732 858 772 884 re
801 846 952 896 publica
982 848 1203 897 saepissime
1223 854 1412 897 peccatur,
1432 855 1473 887 ut

163 914 201 950 in
222 911 393 950 Corinthi
414 911 687 949 disturbatione
714 912 842 949 nostri.
900 911 1042 949 Durius
1069 912 1182 950 etiam
1203 913 1470 960 Athenienses,

163 979 227 1028 qui
265 977 453 1015 sciverunt
496 983 538 1013 ut
575 975 782 1025 Aeginetis,
822 976 888 1025 qui
935 977 1054 1015 classe
1091 978 1277 1024 valebant,
1314 979 1471 1028 pollices

164 1043 478 1093 praeciderentur.
536 1041 625 1078 Hoc
653 1042 775 1078 visum
808 1048 865 1079 est
897 1042 1008 1089 utile;
1057 1043 1170 1081 nimis
1207 1045 1310 1081 enim
1347 1045 1471 1082 immi-

163 1110 277 1146 nebat
304 1114 459 1157 propter
492 1107 814 1156 propinquitatem
846 1107 997 1156 Aegina
1030 1107 1196 1146 Piraeeo.
1269 1109 1345 1147 Sed
1382 1110 1505 1152 nihil5

163 1174 267 1224 quod
305 1173 455 1211 crudele
493 1171 594 1209 utile.
663 1171 733 1209 Est
770 1172 872 1208 enim
910 1172 1112 1210 hominum
1149 1180 1316 1220 naturae,
1355 1187 1471 1224 quam

164 1239 271 1288 sequi
292 1239 486 1283 debemus,
507 1238 673 1275 maxime
693 1237 847 1274 inimica
866 1237 1078 1276 crudelitas.
1137 1239 1240 1276 Male
1261 1240 1385 1287 etiam,
1407 1240 1472 1290 qui

163 1306 383 1355 peregrinos
420 1304 575 1341 urbibus
619 1303 672 1340 uti
709 1303 913 1352 prohibent
952 1316 1093 1354 eosque
1130 1307 1392 1353 exterminant,
1430 1314 1472 1345 ut

164 1372 317 1410 Pennus
354 1369 456 1420 apud
502 1375 627 1418 patres
664 1376 826 1414 nostros,
873 1368 1011 1418 Papius
1053 1383 1184 1419 nuper.
1242 1371 1344 1410 Nam
1389 1385 1472 1410 esse

163 1450 231 1487 pro
260 1437 351 1481 cive,
382 1435 446 1484 qui
479 1434 570 1472 civis
604 1446 683 1471 non
715 1434 771 1479 sit,
803 1440 948 1471 rectum
981 1441 1037 1473 est
1065 1448 1146 1473 non
1173 1436 1307 1475 licere:
1355 1450 1471 1487 quam
1492 1452 1531 1474 10

165 1503 290 1551 legem
319 1501 483 1538 tulerunt
509 1499 774 1549 sapientissimi
803 1500 989 1546 consules,
1011 1500 1172 1539 Crassus
1200 1509 1238 1540 et
1267 1502 1473 1545 Scaevola:

164 1581 236 1607 usu
265 1579 354 1605 vero
381 1566 497 1604 Urbis
526 1565 727 1615 prohibere
756 1566 977 1614 peregrinos
1006 1578 1097 1605 sane
1127 1568 1376 1607 inhumanum
1404 1578 1469 1610 est.

165 1635 232 1672 Illa
271 1632 476 1683 praeclara,
515 1631 553 1668 in
592 1631 729 1680 quibus
767 1631 939 1680 publicae
977 1633 1143 1670 utilitatis
1190 1635 1336 1683 species
1383 1649 1474 1686 prae

163 1700 362 1737 honestate
394 1697 657 1735 contemnitur.
716 1695 832 1733 Plena
861 1697 1125 1746 exemplorum
1153 1705 1210 1736 est
1238 1707 1369 1738 nostra
1397 1715 1474 1740 res-

164 1765 326 1816 publica,
356 1775 474 1812 quum
510 1774 624 1812 saepe
658 1762 760 1807 alias,
791 1768 872 1799 tum
903 1764 1068 1801 maxime
1102 1764 1201 1802 bello
1236 1765 1381 1804 Punico
1415 1781 1474 1806 se·
1497 1781 1531 1811 ¹5

165 1831 313 1876 cundo;
353 1841 462 1878 quae,
484 1827 678 1865 Cannensi
707 1827 918 1865 calamitate
947 1834 1113 1878 accepta,
1134 1831 1298 1868 maiores
1325 1833 1475 1871 animos

163 1896 293 1933 habuit
312 1906 429 1943 quam
454 1904 638 1941 umquam
667 1892 780 1929 rebus
809 1893 997 1930 secundis.
1055 1893 1168 1931 Nulla
1193 1896 1338 1934 timoris
1360 1899 1476 1947 signi-

164 1961 298 2006 ficatio,
320 1959 421 1996 nulla
439 1959 584 1995 mentio
609 1958 724 2007 pacis.
773 1957 899 1995 Tanta
918 1959 972 1996 vis
993 1965 1050 1996 est
1068 1959 1228 2006 honesti,
1249 1968 1289 1998 ut
1309 1964 1475 2011 speciem

164 2025 332 2063 utilitatis
370 2024 559 2061 obscuret.
616 2023 869 2060 Athenienses
903 2035 1021 2072 quum
1055 2024 1254 2063 Persarum
1291 2027 1475 2077 impetum

164 2091 268 2129 nullo
298 2089 416 2127 modo
445 2095 603 2138 possent
631 2089 814 2126 sustinere
844 2095 1125 2138 statuerentque
1154 2098 1206 2138 ut,
1226 2093 1319 2130 urbe
1339 2094 1474 2142 relicta,
1496 2110 1533 2132 20

165 2155 393 2204 coniugibus
426 2161 463 2191 et
494 2154 619 2191 liberis
655 2153 854 2191 Troezene
887 2154 1082 2204 depositis,
1117 2169 1232 2195 naves
1266 2160 1476 2196 conscend-

166 2228 272 2260 erent
305 2220 591 2268 libertatemque
624 2218 807 2256 Graeciae
841 2219 961 2258 classe
992 2221 1248 2269 defenderent,
1288 2222 1476 2272 Cyrsilum

168 2285 375 2337 quemdam
423 2284 648 2321 suadentem
686 2290 727 2321 ut
773 2285 812 2321 in
858 2285 951 2322 urbe
997 2294 1195 2324 manerent
1233 2288 1478 2338 Xerxemque

171 2352 383 2400 reciperent
424 2349 611 2398 lapidibus
658 2357 945 2398 cooperuerunt.
1005 2351 1133 2400 Atque
1178 2353 1237 2390 ille
1283 2354 1477 2392 utilitatem
