1587 2533
135 129 185 170 72
478 121 632 154 EXTRA
641 121 721 152 CTS
750 122 810 152 FR
817 121 885 152 OM
913 122 1045 152 CICER
1053 121 1091 151 Ο.

138 219 283 269 Pyrrho
313 219 360 256 de
390 217 548 266 imperio
579 216 837 254 dimicabatur.
894 214 1013 253 Poeni
1042 213 1250 262 foedifragi,
1283 212 1442 250 crudelis

135 284 342 329 Hannibal,
364 283 496 332 reliqui
524 283 710 319 iustiores.
766 280 897 330 Pyrrhi
921 279 1073 330 quidem
1103 279 1150 316 de
1178 278 1336 328 captivis
1359 277 1445 314 red-

135 350 273 388 dendis
293 350 354 386 illa
373 347 587 398 praeclara:

352 436 418 465 Nec
442 434 483 463 mi
508 443 611 463 aurum
637 443 738 472 posco,
760 444 814 463 nec
837 434 878 464 mi
902 433 1028 472 pretium
1054 432 1210 462 dederitis:
1463 433 1505 462 40

348 488 413 516 Nec
437 492 638 524 cauponantes
661 486 781 521 bellum,
806 487 855 515 sed
879 486 1096 525 belligerante3‚

350 540 451 573 Ferro,
475 548 536 567 non
559 548 631 566 auro
656 538 749 566 vitam
772 548 926 567 cernamus
951 537 1081 575 utrique.

350 591 449 619 Vosne
473 590 555 624 velit,
579 600 615 618 an
641 599 688 618 me
714 599 842 629 regnare,
865 589 935 618 hera
960 589 1069 627 quidve
1093 588 1166 616 ferat
1190 587 1259 622 fors,

353 641 472 670 Virtute
497 640 693 678 experiamur.
741 640 779 669 Et
802 640 860 669 hoc
884 641 970 669 simul
994 639 1093 678 accipe
1118 639 1253 668 dictum:

353 693 492 731 Qorum
517 693 619 721 virtuti
641 692 707 721 belli
733 692 851 721 fortuna
874 692 1015 730 pepercit,
1466 697 1506 729 45

353 744 536 774 Eorumdem
560 753 609 772 me
632 743 762 772 libertati
785 753 903 781 parcere
927 750 1041 772 certum
1065 748 1127 772 est:

355 796 458 831 Dono,
481 795 591 831 ducite,
614 795 721 834 doque,
745 794 907 824 volentibu’
930 805 998 824 cum
1021 795 1136 835 magnis
1159 794 1214 825 dis.

137 871 295 921 Regalis
315 882 407 908 sane
427 877 464 907 et
484 870 598 918 digna
617 869 869 906 Aeacidarum
890 882 1027 918 genere
1049 869 1246 906 sententia.

194 938 322 986 Atque
355 936 469 972 etiam
504 935 535 972 si
569 934 660 984 quid
691 935 842 983 singuli,
876 935 1112 983 temporibus
1150 933 1316 975 adducti,
1352 932 1452 970 hosti

138 1003 408 1054 promiserunt,
439 1006 495 1038 est
523 1000 562 1037 in
591 1011 638 1037 eo
667 1001 752 1049 ipso
782 1000 876 1037 fides
906 999 1194 1037 conservanda:
1249 1005 1290 1036 ut
1326 999 1451 1047 primo
1470 1013 1512 1045 50

141 1068 288 1107 Punico
322 1066 423 1104 bello
458 1065 629 1113 Regulus
664 1071 796 1114 captus
825 1077 848 1102 a
881 1064 1033 1110 Poenis,
1065 1077 1184 1114 quum
1218 1064 1265 1101 de
1298 1063 1453 1112 captivis

142 1132 426 1172 commutandis
465 1130 634 1168 Romam
671 1130 810 1167 missus
848 1136 958 1175 esset,
996 1130 1230 1178 iurassetque
1271 1141 1314 1166 se
1356 1128 1454 1165 redi-

141 1207 278 1244 turum,
300 1197 480 1247 primum,
500 1201 542 1232 ut
569 1195 681 1240 venit,
703 1195 872 1243 captivos
901 1195 1118 1232 reddendos
1147 1195 1186 1231 in
1215 1201 1347 1231 senatu
1375 1205 1454 1230 non

141 1264 310 1310 censuit3
369 1261 519 1306 deinde,
569 1272 688 1309 quum
735 1260 957 1297 retineretur
1002 1272 1025 1297 a
1070 1259 1296 1309 propinquis
1334 1265 1371 1296 et
1406 1259 1455 1296 ab

141 1329 283 1374 amicis,
333 1327 381 1364 ad
430 1325 658 1375 supplicium
705 1325 827 1362 redire
869 1324 1000 1361 maluit
1040 1336 1156 1374 quam
1199 1324 1314 1362 fidem
1355 1323 1455 1361 hosti
1474 1342 1512 1374 55

143 1395 272 1433 datam
292 1393 431 1430 fallere.
489 1390 668 1428 Secundo
697 1396 823 1427 autem
852 1389 998 1427 Punico
1022 1390 1132 1435 bello,
1159 1396 1247 1439 post
1275 1389 1455 1427 Cannen-

143 1472 225 1498 sem
243 1470 429 1509 pugnam,
452 1468 550 1506 quos
581 1456 715 1494 decem
743 1455 939 1492 Hannibal
963 1455 1131 1493 Romam
1155 1455 1327 1492 astrictos
1355 1455 1458 1491 misit

142 1524 386 1563 iureiurando
408 1535 448 1560 se
468 1522 654 1559 redituros
675 1533 770 1566 esse,
791 1521 863 1557 nisi
885 1521 931 1557 de
951 1520 1181 1557 redimendis
1201 1521 1246 1557 iis
1265 1521 1330 1569 qui
1356 1520 1457 1568 capti

145 1598 251 1629 erant
285 1591 565 1639 impetrassent,
605 1598 672 1624 eos
715 1598 851 1623 omnes
895 1597 1085 1631 censores,
1128 1585 1256 1634 quoad
1297 1585 1458 1634 quisque

148 1668 283 1696 eorum
301 1655 392 1692 vixit
411 1654 476 1703 qui
495 1654 740 1702 peierassent,
754 1652 793 1688 in
813 1651 964 1689 aerariis
978 1651 1224 1700 reliquerunt;
1245 1663 1317 1687 nec
1332 1650 1458 1687 minus
1477 1660 1517 1690 60

147 1723 264 1767 illum,
286 1721 351 1770 qui
371 1718 610 1757 iurisiurandi
630 1717 761 1754 fraude
782 1717 934 1765 culpam
954 1717 1157 1754 invenerat.
1205 1716 1337 1762 Quum
1357 1716 1458 1753 enim

150 1787 381 1826 Hannibalis
414 1784 603 1834 permissu
634 1784 772 1820 exisset
807 1783 853 1820 de
885 1783 1025 1829 castris,
1058 1782 1167 1819 rediit
1202 1782 1330 1831 paullo
1360 1788 1459 1830 post,

151 1853 257 1904 quod
287 1864 326 1890 se
360 1851 521 1889 oblitum
554 1849 685 1886 nescio
717 1849 808 1897 quid
841 1847 991 1886 diceret.
1045 1847 1196 1885 Deinde
1231 1859 1406 1896 egressus
1438 1859 1461 1884 e

148 1919 293 1963 castris,
323 1915 568 1954 iureiurando
599 1926 639 1951 se
669 1914 835 1951 solutum
866 1914 1043 1963 putabat:
1072 1919 1109 1950 et
1142 1920 1220 1950 erat
1252 1912 1387 1957 verbis,
1420 1924 1461 1949 re

149 1997 230 2022 non
258 1989 348 2021 erat.
407 1981 567 2030 Semper
596 1986 722 2017 autem
754 1980 794 2016 in
823 1979 908 2025 fide,
937 1978 1029 2028 quid
1058 1979 1232 2023 senseris,
1261 1989 1342 2014 non
1370 1976 1461 2026 quid
1479 1979 1517 2023 65

150 2049 299 2095 dixeris,
346 2046 608 2095 cogitandum.
687 2045 902 2082 Maximum
955 2051 1082 2081 autem
1135 2043 1353 2092 exemplum
1405 2049 1462 2080 est

150 2115 312 2153 iustitiae
340 2112 379 2149 in
407 2112 559 2148 hostem
583 2123 606 2147 a
631 2110 838 2147 maioribus
857 2109 994 2146 nostris
1015 2109 1274 2146 constitutum.
1331 2107 1462 2154 Quum

153 2194 175 2219 a
203 2179 348 2230 Pyrrho
378 2177 537 2227 perfuga
566 2176 714 2213 senatui
746 2181 804 2212 est
839 2175 1041 2224 pollicitus,
1079 2186 1119 2212 se
1157 2185 1346 2211 venenum
1383 2173 1464 2222 regi

157 2247 332 2285 daturum
361 2250 397 2280 et
425 2254 514 2280 eum
542 2247 788 2279 necaturum:
835 2246 987 2277 senatus
1016 2246 1054 2276 et
1082 2238 1128 2277 C.
1157 2238 1352 2276 Fabricius
1379 2250 1463 2287 per-

158 2313 290 2361 fugam
318 2308 464 2359 Pyrrho
494 2307 606 2344 dedit.
674 2307 733 2343 Ita
761 2318 810 2343 ne
838 2305 958 2342 hostis
987 2304 1141 2353 quidem
1170 2309 1206 2340 et
1234 2303 1399 2353 potentis
1429 2309 1464 2340 et
1484 2312 1523 2346 70

154 2378 296 2416 bellum
316 2376 413 2412 ultro
433 2373 628 2410 inferentis
647 2372 838 2409 interitum
858 2383 945 2408 cum
965 2370 1104 2407 scelere
1124 2368 1357 2418 approbavit.
