1587 2533
577 97 736 127 GREEK
767 97 1051 130 ANECDOTES.
1424 100 1473 142 13

148 191 320 241 corporis
347 191 484 228 efficiat
510 197 551 228 ut
577 190 715 228 frustra
741 198 867 229 tantus
887 192 942 229 vir
963 192 1012 229 ad
1032 203 1093 228 me
1115 191 1280 228 vene1·it.'
1338 190 1474 240 Itaque

147 257 335 302 narrabat,
370 268 459 294 eum
492 257 654 305 graviter
688 264 725 294 et
759 257 918 306 copiose
953 258 1000 295 de
1036 257 1110 294 hoc
1144 257 1241 305 ipso,
1270 256 1362 293 nihil
1390 268 1473 293 esse

88 335 125 366 25
145 322 292 358 bonum
324 321 397 358 nisi
431 321 536 370 quod
568 321 776 359 honestum
809 329 920 368 esset,
955 324 1161 359 cubantem
1193 321 1472 370 disputavisse:

145 398 341 435 quumque
369 387 478 436 quasi
507 386 609 424 faces
642 387 677 424 ei
716 387 857 425 doloris
896 388 1202 432 admoverentur,
1239 399 1353 435 saepe
1395 386 1474 423 dix-

143 451 231 498 isse,
264 451 390 488 ‘Nihil
428 452 521 500 agis,
558 452 688 489 dolor:
734 453 907 501 quamvis
942 453 993 490 sis
1027 453 1223 497 molestus,
1261 462 1474 500 numquam

144 523 181 554 te
218 529 302 554 esse
341 517 554 555 confitebor
596 515 763 554 malum.5
841 517 1092 567 Omninoque
1133 529 1272 555 omnes
1311 516 1400 554 clari
1439 522 1474 553 et

145 583 330 621 nobilitati
351 583 500 620 labores
521 582 810 620 contemnendo
832 583 926 620 fiunt
947 583 1062 620 etiam
1082 582 1314 620 tolerabiles.

407 736 477 770 20.
515 732 706 769 Instances
734 732 782 781 qf
806 731 992 781 Conlempt
1017 732 1065 782 (ff
1084 731 1220 769 Deallz.

202 847 331 894 Quam
360 860 422 885 me
453 848 615 885 delectat
645 847 932 885 Theramenes!
967 860 1084 897 quam
1111 848 1210 885 elato
1239 847 1368 884 animo
1395 849 1474 884 est!

146 913 228 951 Etsi
266 914 368 951 enim
406 913 543 951 flemus
578 925 698 962 quum
732 913 904 962 legimus,
937 919 1066 950 tamen
1101 925 1180 951 non
1214 913 1476 950 miserabiliter

145 979 200 1016 vir
238 979 361 1016 clarus
404 979 597 1016 emoritur.
674 977 752 1024 Qui
797 990 928 1027 quum,
969 979 1166 1016 coniectus
1204 979 1242 1015 in
1282 991 1475 1016 carcerem

146 1044 298 1093 triginta
336 1045 441 1082 iussu
479 1051 741 1094 tyrannorum,
773 1056 965 1081 venenum
1000 1051 1041 1081 ut
1076 1044 1206 1082 sitiens
1241 1045 1474 1090 obduxisset,

109 1110 335 1159 5reliquum
367 1110 422 1147 sic
456 1122 476 1147 e
510 1110 652 1159 poculo
689 1109 798 1147 eiecit
832 1116 873 1147 ut
906 1109 945 1146 id
977 1117 1195 1147 resonaret:
1236 1122 1313 1159 quo
1348 1110 1476 1147 sonitu

146 1175 306 1222 reddito,
346 1175 528 1220 arridens,
571 1175 785 1224 ‘Propino‚'
826 1175 960 1224 inquit,
1001 1175 1100 1214 ‘hoc
1139 1176 1274 1225 pulcro
1313 1175 1474 1222 Critiae,’

147 1241 212 1291 qui
249 1241 289 1278 in
327 1253 416 1278 eum
455 1241 575 1278 fuerat
608 1241 859 1278 taeterrimus.
918 1240 1057 1279 Graeci
1088 1242 1191 1279 enim
1225 1242 1264 1279 in
1295 1242 1476 1280 conviviis

147 1306 273 1344 solent
319 1306 531 1352 nominare,
571 1307 631 1344 cui
673 1307 855 1355 poculum
903 1307 1074 1345 tradituri
1117 1308 1201 1345 sint.
1277 1307 1386 1345 Lusit
1422 1308 1476 1345 vir

147 1372 325 1421 egregius
367 1377 540 1409 extremo
580 1372 723 1420 spiritu,
764 1384 883 1421 quum
921 1373 996 1409 iam
1035 1373 1268 1422 praecordiis
1306 1385 1474 1423 concep-

91 1444 226 1475 10tam
272 1444 438 1475 mortem
485 1439 710 1483 contineret,
751 1451 915 1488 vereque
955 1439 988 1476 ei
1027 1440 1088 1477 cui
1126 1452 1319 1477 venenum
1365 1452 1473 1489 prae-

147 1503 295 1540 biberat
326 1509 491 1540 mortem
525 1509 582 1540 est
616 1515 701 1539 eam
741 1513 948 1552 auguratus
987 1516 1085 1554 quae
1124 1505 1229 1542 brevi
1268 1512 1474 1543 consecuta

147 1576 216 1606 est.
274 1568 373 1615 Quis
406 1568 506 1606 hanc
541 1569 660 1605 animi
691 1570 848 1606 maximi
883 1571 1114 1620 aequitatem
1149 1571 1188 1607 in
1227 1571 1311 1620 ipsa
1349 1581 1473 1608 morte

144 1634 325 1680 laudaret,
360 1634 390 1672 si
421 1641 586 1672 mortem
619 1634 764 1671 malum
796 1635 1005 1674 iudicaret?
1070 1635 1187 1673 Vadit
1219 1637 1259 1673 in
1293 1637 1472 1674 eumdem

146 1713 338 1739 carcerem
383 1708 497 1750 atque
541 1701 579 1737 in
618 1701 797 1738 eumdem
836 1702 968 1750 paucis
1007 1708 1096 1751 post
1135 1703 1245 1740 annis
1284 1703 1471 1752 scyphum

90 1779 125 1812 15
148 1766 336 1812 Socrates,
367 1766 507 1803 eodem
540 1765 681 1804 scelere
714 1766 894 1813 iudicum,
926 1779 1006 1816 quo
1040 1775 1290 1816 tyrannorum
1325 1768 1472 1806 Thera-

146 1845 290 1870 menes.
347 1831 459 1879 Quae
494 1839 551 1870 est
584 1832 698 1882 igitur
731 1833 814 1870 eius
845 1834 979 1879 oratio,
1012 1846 1088 1882 qua
1122 1834 1210 1872 facit
1243 1847 1332 1872 eum
1366 1835 1473 1873 Plato

144 1910 258 1936 usum
292 1898 396 1947 apud
425 1898 580 1943 iudices,
613 1898 690 1935 iam
722 1904 843 1935 morte
878 1899 1130 1936 mulctatum?
1189 1899 1359 1950 ‘Magna
1388 1900 1473 1948 me‚'

145 1964 279 2014 inquit,
310 1965 421 2012 ‘spes
450 1969 564 2008 tenet,
595 1963 751 2009 iudices,
781 1964 881 2000 bene
911 1964 1004 2001 mihi
1033 1965 1194 2012 evenire,
1216 1966 1321 2014 quod
1349 1967 1475 2004 mittar

145 2029 196 2067 ad
214 2034 390 2066 mortem.
449 2028 620 2066 Necesse
647 2035 704 2066 est
733 2029 848 2075 enim,
876 2030 922 2066 sit
952 2029 1112 2067 alterum
1143 2030 1190 2067 de
1221 2031 1395 2079 duobus3
1434 2039 1475 2070 ut

90 2115 129 2137 20
146 2101 212 2133 aut
231 2106 367 2132 sensus
387 2095 548 2131 omnino
568 2106 706 2132 omnes
728 2105 833 2131 mors
855 2094 1012 2141 auferat,
1033 2102 1098 2132 aut
1127 2096 1166 2132 in
1195 2096 1311 2133 alium
1342 2110 1473 2146 quem-

146 2161 236 2199 dam
272 2160 402 2198 locum
440 2171 488 2197 ex
527 2159 585 2197 his
623 2159 717 2197 locis
759 2166 882 2197 morte
925 2161 1118 2209 migretur.
1195 2161 1474 2209 Quamobrem,

146 2227 222 2264 sive
257 2237 393 2264 sensus
422 2225 674 2274 exstinguitur
704 2237 885 2275 morsque
915 2227 949 2263 ei
980 2239 1119 2264 somno
1149 2227 1280 2265 similis
1310 2236 1378 2274 est,
1410 2230 1474 2279 qui

147 2303 441 2340 nonnumquam
479 2292 594 2328 etiam
633 2291 714 2328 sine
753 2291 841 2328 visis
886 2293 1125 2330 somniorum
1174 2293 1472 2342 placatissimam

147 2358 316 2407 quietem
349 2356 468 2402 affert,
504 2356 555 2393 dii
584 2356 701 2394 boni!
743 2356 836 2405 quid
869 2357 963 2395 lucri
998 2364 1055 2395 est
1085 2358 1227 2396 emoril
1266 2366 1331 2396 aut
1359 2371 1474 2409 quam
