1587 2533
146 101 171 133 1.
380 99 410 131 R
418 90 550 131 OME'S
577 99 608 130 R
619 98 703 130 ULE
735 97 793 130 OF
823 99 915 129 HER
947 98 1009 129 PR
1016 98 1227 131 OVINCES.
1392 102 1415 133 2
1424 103 1439 131 1
1449 103 1472 144 9

147 199 349 233 teneretur.
406 193 454 232 Id
483 199 612 232 autem
640 193 843 243 imperium
870 205 990 244 quum
1018 193 1171 231 retineri
1201 193 1282 231 sine
1306 193 1473 242 vectiga-

147 260 245 298 libus
274 259 378 296 nullo
406 259 526 297 modo
554 259 687 309 possit,
710 270 835 308 aequo
862 260 993 296 animo
1020 265 1128 308 parte
1158 258 1285 308 aliqua
1314 270 1471 296 suorum

147 324 339 361 fructuum
357 336 495 373 pacem
516 324 587 361 sibi
608 322 880 372 sempiternam
899 323 1061 361 redimat
1081 330 1197 373 atque
1216 323 1346 360 otium.

205 401 263 426 12·
296 388 412 436 Quod
433 389 464 426 si
484 400 607 438 genus
628 388 756 437 ipsum
777 393 814 425 et
839 400 985 426 nomen
1006 388 1201 438 publicani
1230 400 1312 426 non
1338 389 1471 437 iniquo

65 472 126 506 395
146 454 276 492 animo
303 454 556 500 sustinebunt,
578 458 758 502 poterunt
783 452 828 489 iis
857 453 1017 490 consilio
1039 459 1076 491 et
1101 453 1305 503 prudentia
1330 459 1395 490 tua
1414 466 1471 491 re-

143 519 248 569 liqua
273 518 390 556 videri
420 518 582 556 mitiora.
640 516 809 555 Possunt
837 517 877 554 in
907 518 1148 567 pactionibus
1177 517 1360 556 faciendis
1390 530 1471 556 non

144 584 271 633 legem
301 590 473 633 spectare
503 582 730 628 censoriam,
762 582 831 620 sed
859 582 987 631 potius
1022 583 1338 621 commoditatem
1378 595 1471 621 con-

145 648 298 686 ficiendi
331 649 474 698 negotii
509 653 547 685 et
579 647 845 685 liberationem
873 648 1083 685 molestiae.
1141 648 1257 686 Potes
1286 649 1401 686 etiam
1430 655 1471 686 tu

144 715 183 752 id
212 714 347 760 facere,
378 713 484 764 quod
512 719 550 751 et
578 712 699 750 fecisti
729 713 884 761 egregie
914 719 951 750 et
980 712 1086 758 facis,
1116 720 1157 751 ut
1186 726 1471 752 commemores

60 797 125 828 400
145 786 288 830 quanta
316 780 363 817 sit
400 779 439 816 in
474 778 688 828 publicanis
717 778 893 826 dignitas,
925 785 1111 827 quantum
1146 791 1219 816 nos
1258 780 1307 816 illi
1346 780 1470 817 ordini

143 845 362 891 debeamus,
392 850 433 882 ut
466 849 616 881 remoto
656 843 817 892 imperio
847 854 892 879 ac
926 842 961 878 vi
999 844 1200 892 potestatis
1234 850 1271 881 et
1309 844 1470 882 fascium

143 910 370 961 publicanos
397 921 485 947 cum
513 907 671 946 Graecis
701 908 822 957 gratia
851 914 965 957 atque
995 909 1217 945 auctoritate
1244 909 1467 958 coniungas.

145 974 221 1013 Sed
249 981 286 1012 et
315 974 364 1012 ab
391 973 448 1020 iis,
478 973 526 1011 de
556 973 693 1023 quibus
723 972 869 1022 optime
898 979 939 1010 tu
967 973 1124 1011 meritus
1157 986 1198 1011 es
1233 981 1269 1012 et
1303 975 1368 1024 qui
1403 976 1468 1013 tibi

142 1040 272 1077 omnia
301 1039 455 1085 debent,
476 1038 551 1076 hoc
579 1045 700 1088 petas,
721 1045 762 1075 ut
791 1037 969 1076 facilitate
991 1050 1059 1076 sua
1088 1051 1161 1077 nos
1192 1052 1277 1077 eam
1298 1042 1467 1079 necessi-

59 1121 120 1153 405
139 1104 324 1145 tudinem,
355 1116 454 1153 quae
483 1110 540 1141 est
574 1104 687 1141 nobis
718 1115 806 1140 cum
835 1103 1062 1153 publicanis,
1093 1105 1268 1142 obtinere
1298 1112 1336 1142 et
1374 1118 1467 1143 con-

141 1181 289 1207 servare
322 1169 526 1219 patiantur.
585 1168 661 1206 Sed
696 1169 788 1218 quid
817 1181 892 1219 ego
930 1175 967 1207 te
996 1169 1092 1207 haec
1122 1169 1267 1216 hortor,
1299 1183 1396 1220 quae
1426 1178 1466 1208 tu

140 1246 222 1272 non
240 1234 360 1272 modo
381 1234 505 1272 facere
526 1240 637 1283 potes
659 1240 723 1271 tua
739 1240 878 1283 sponte
895 1234 975 1272 sine
989 1235 1217 1284 cuiusquam
1238 1237 1465 1285 praeceptis,

139 1299 209 1337 sed
238 1300 352 1337 etiam
380 1311 524 1349 magna
552 1300 628 1336 iam
660 1312 707 1337 ex
737 1306 842 1348 parte
872 1299 1090 1349 perfecisti?
1147 1300 1239 1338 Non
1269 1302 1371 1338 enim
1400 1303 1465 1340 de-

139 1365 276 1402 sistunt
295 1365 409 1402 nobis
430 1377 542 1414 agere
563 1365 732 1415 quotidie
746 1366 885 1413 gratias
902 1364 1194 1403 honestissimae
1216 1372 1252 1403 et
1272 1367 1463 1406 maximae

55 1448 119 1479 410
138 1430 350 1475 societates,
381 1430 486 1480 quod
516 1431 672 1480 quidem
702 1430 794 1467 mihi
832 1430 976 1468 idcirco
1016 1431 1218 1468 iucundius
1257 1438 1325 1477 est,
1357 1434 1463 1482 quod

136 1494 239 1532 idem
259 1494 401 1533 faciunt
424 1495 573 1533 Graeci.
632 1495 793 1532 Difficile
814 1502 870 1532 est
898 1502 1025 1533 autem
1046 1509 1102 1542 ea,
1124 1508 1222 1545 quae
1244 1498 1460 1536 commodis

136 1560 293 1598 utilitate
320 1567 357 1598 et
385 1572 506 1610 prope
529 1566 663 1598 natura
693 1561 840 1598 diversa
870 1568 967 1607 sunt,
988 1561 1181 1599 voluntate
1212 1563 1458 1612 coniungere,

135 1626 188 1663 At
207 1638 253 1663 ea
271 1626 439 1675 quidem,
458 1639 557 1675 quae
578 1639 693 1675 supra
720 1627 860 1676 scripta
881 1633 978 1672 sunt,
999 1639 1080 1664 non
1101 1634 1140 1664 ut
1167 1634 1203 1664 te
1224 1627 1459 1667 instituerem

136 1691 280 1739 scripsi,
300 1692 441 1741 (neque
461 1691 564 1728 enim
584 1691 786 1740 prudentia
805 1699 870 1729 tua
889 1693 1115 1741 cuiusquam
1135 1699 1340 1742 praecepta
1361 1695 1460 1732 desi-

52 1772 114 1804 415
135 1756 272 1804 derat),
307 1757 374 1794 sed
410 1769 473 1794 me
510 1757 550 1794 in
588 1757 792 1794 scribendo
832 1752 1150 1795 commemoratio
1189 1764 1275 1796 tuae
1314 1759 1458 1797 virtutis

136 1821 356 1859 delectavit:
385 1834 620 1872 quamquam
650 1822 687 1858 in
716 1821 775 1859 his
808 1822 938 1860 litteris
971 1822 1124 1871 longior
1157 1823 1210 1859 fui
1243 1835 1359 1872 quam
1394 1832 1458 1862 aut

134 1887 267 1925 vellem
289 1893 352 1924 aut
373 1900 488 1937 quam
508 1900 571 1925 me
591 1889 720 1937 putavi
742 1887 834 1925 fore.

193 1964 251 2001 13.
281 1951 413 1990 Unum
452 1959 519 1999 est,
549 1953 655 2002 quod
694 1953 760 1990 tibi
790 1965 864 2002 ego
903 1954 1125 2004 praecipere
1155 1966 1234 1992 non
1269 1956 1454 2002 desinam,

132 2030 258 2067 neque
277 2024 313 2055 te
333 2018 464 2067 patiar,
487 2024 672 2067 quantum
693 2019 761 2055 erit
785 2019 823 2055 in
845 2031 918 2064 me,
941 2031 1029 2056 cum
1050 2020 1277 2068 exceptione
1297 2021 1453 2060 laudari.

49 2099 113 2129 420
133 2083 282 2121 Omnes
302 2083 414 2129 enim,
432 2083 496 2132 qui
517 2084 628 2121 istinc
647 2084 814 2129 veniunt,
836 2084 886 2120 ita
907 2084 954 2121 de
974 2090 1038 2120 tua
1057 2085 1203 2131 virtute,
1225 2085 1452 2135 integritate,

131 2148 367 2186 humanitate
389 2156 703 2195 commemorant,
724 2156 766 2186 ut
790 2150 828 2186 in
858 2150 931 2187 tuis
961 2151 1121 2187 summis
1152 2150 1329 2189 laudibus
1350 2153 1451 2190 exci-

130 2214 236 2264 piant
264 2226 382 2251 unam
401 2214 647 2252 iracundiam.
707 2214 826 2261 Quod
847 2216 978 2252 vitium
1000 2228 1119 2264 quum
1149 2216 1187 2253 in
1216 2216 1288 2253 hac
1309 2218 1453 2266 privata

131 2279 430 2328 quotidianaque
450 2280 525 2317 vita
543 2280 635 2317 levis
657 2292 740 2317 esse
762 2280 879 2317 animi
901 2286 1014 2329 atque
1034 2280 1172 2317 infirmi
1193 2281 1350 2326 videtur,
1371 2290 1450 2319 turn

129 2355 219 2382 vero
249 2344 340 2382 nihil
369 2351 425 2384 est
462 2351 541 2383 tam
570 2345 742 2384 deforme
781 2358 896 2397 quam
927 2346 976 2384 ad
1014 2359 1208 2385 summum
1248 2346 1450 2398 imperium
