1587 2533
581 104 739 134 GREEK
772 102 1058 133 ANECDOTES.
1418 103 1470 144 29

97 208 134 238 25
160 200 210 237 illi
233 199 324 236 nihil
343 199 434 241 satis
457 210 642 247 umquam
672 197 775 234 fore:
806 209 845 234 se
873 196 952 233 eius
978 195 1192 244 voluptates
1215 206 1293 230 non
1325 193 1472 230 deside-

159 277 253 310 rare,
275 265 411 314 quibus
432 275 642 312 numquam
663 263 787 300 satiari
808 262 867 299 ille
887 267 1041 311 posset3
1072 272 1159 298 suas
1180 272 1269 297 eum
1289 259 1473 307 consequi

159 329 263 367 nullo
283 329 401 367 modo
422 341 547 378 posse.

589 475 659 510 30.
695 470 818 520 Legal
847 470 1045 517 Queslz'ons.

214 590 348 637 Quum
368 580 687 627 Lacedaemoniis
708 587 768 624 lex
789 594 900 633 esset,
921 594 972 633 ut,
994 586 1136 624 hostias
1162 586 1233 623 nisi
1263 585 1311 624 ad
1338 585 1477 623 sacrifi-

161 657 261 695 cium
282 655 478 706 quoddam
497 654 715 703 redemptor
735 654 981 702 praebuisset,
1000 653 1161 702 capitale
1181 659 1280 690 esset
1297 665 1304 689 :
1334 652 1478 689 hostias

161 722 193 760 is
221 722 285 771 qui
311 721 532 765 redemerat,
557 731 677 768 quum
707 719 880 756 sacrificii
910 719 990 756 dies
1017 719 1184 764 instaret,
1210 718 1248 754 in
1270 719 1405 755 urbem
1431 729 1477 754 ex

162 800 256 837 agro
295 787 421 836 coepit
458 797 582 834 agere,
639 784 755 830 Tum,
796 784 920 821 subito
955 784 1103 832 magnis
1143 783 1348 821 commotis
1386 790 1479 820 tem-

125 869 144 902 5
162 853 372 903 pestatibus
410 851 546 888 fluvius
583 849 747 887 Eurotas
781 850 822 896 is,
858 849 922 898 qui
954 856 1111 899 propter
1143 848 1479 886 Lacedaemonem

162 918 255 964 fluit,
288 918 340 955 ita
377 928 541 966 magnus
581 922 618 953 et
655 915 863 952 vehemens
903 914 1025 952 factus
1064 921 1132 961 est,
1170 922 1212 952 ut
1250 927 1297 952 eo
1335 915 1481 952 traduci

162 983 338 1021 victimae
363 981 468 1019 nullo
501 979 619 1018 modo
646 986 818 1029 possent.
879 979 1119 1029 Redemptor
1153 992 1244 1016 suae
1277 979 1481 1017 voluntatis

164 1048 427 1086 ostendendae
461 1059 577 1085 causa
614 1047 759 1084 hostias
797 1047 992 1084 constituit
1030 1058 1167 1083 omnes
1205 1046 1245 1083 in
1275 1046 1394 1092 litore,
1429 1053 1481 1092 ut,

166 1116 231 1166 qui
264 1122 367 1153 trans
401 1114 547 1151 flumen
589 1119 727 1158 essent,
768 1113 895 1150 videre
926 1119 1097 1162 possent.
1173 1111 1308 1158 Quum
1346 1125 1483 1150 omnes

111 1197 149 1219 10
167 1182 294 1220 studio
325 1181 405 1219 eius
443 1181 607 1218 subitam
645 1179 813 1216 fluminis
852 1179 1157 1228 magnitudinem
1197 1179 1335 1217 scirent
1367 1179 1484 1217 fuisse

167 1247 456 1297 impedimento,
490 1251 622 1283 tamen
649 1245 806 1295 quidam
835 1244 970 1294 capitis
995 1245 1255 1282 arcessierunt.
1314 1244 1482 1282 Intentio

168 1318 245 1351 est:
295 1311 493 1358 ‘Hostiae,
531 1323 627 1362 quas
662 1311 826 1348 debuisti
860 1309 909 1347 ad
943 1310 1182 1356 sacrificium,
1216 1317 1369 1359 praesto
1404 1323 1482 1348 non

167 1377 343 1416 fuerunt.'
399 1377 586 1427 Depulsio
617 1383 675 1414 est
708 1364 920 1413 concessio.
981 1375 1117 1413 Ratio:
1162 1375 1347 1413 ‘Flumen
1381 1377 1483 1414 enirn

169 1444 294 1482 subito
321 1443 484 1481 accrevit
510 1449 548 1480 et
571 1455 616 1480 ea
639 1455 678 1480 re
703 1441 848 1479 traduci
875 1453 955 1478 non
984 1440 1212 1490 potuerunt.'
1270 1440 1484 1480 Infirmatio

115 1527 150 1558 15
170 1516 247 1548 est:
298 1509 485 1555 ‘Tamen,
517 1508 711 1558 quoniam,
739 1507 844 1563 quod
877 1507 937 1544 lex
966 1506 1377 1563 iuheh..-f.fo÷„1,1„Qn
1414 1515 1507 1561 est„

170 1575 358 1625 supplicio
379 1575 518 1625 dignus
538 1574 602 1612 es!
660 1574 845 1612 Iudicatio
867 1580 945 1611 est:
977 1576 985 1591 ‘
1000 1572 1132 1619 Quum
1156 1574 1195 1609 in
1218 1586 1264 1610 ea
1289 1586 1328 1611 re
1353 1580 1487 1612 contra

169 1641 296 1691 legem
314 1641 533 1690 redemptor
552 1640 692 1686 fecerit,
714 1652 790 1689 qua
810 1640 848 1676 in
868 1652 908 1676 re
929 1639 1056 1677 studio
1077 1639 1157 1677 eius
1178 1640 1301 1677 subita
1321 1639 1487 1678 fluminis

171 1706 358 1745 obstiterit
375 1706 616 1755 magnitudo,
637 1706 876 1755 supplicione
898 1706 1036 1754 dignus
1057 1705 1139 1742 est?
1156 1705 1164 1719 '

227 1772 482 1810 Necessitudo
502 1778 630 1810 autem
650 1771 818 1818 infertur,
839 1783 958 1820 quum
977 1771 1012 1808 vi
1033 1771 1200 1821 quadarn
1219 1783 1306 1809 reus
1325 1772 1364 1810 id
1384 1772 1490 1822 quod

117 1857 156 1879 20
174 1839 305 1878 fecerit
323 1838 458 1877 fecisse
479 1838 704 1884 defenditur,
724 1837 798 1875 hoc
818 1837 937 1875 modo
954 1849 961 1874 :
1001 1836 1083 1874 Lex
1103 1843 1160 1875 est
1177 1839 1280 1887 apud
1300 1838 1489 1885 Rhodios,

174 1910 227 1951 ut,
249 1905 280 1943 si
300 1916 376 1955 qua
395 1910 555 1942 rostrata
574 1904 613 1941 in
639 1910 752 1953 portu
781 1903 887 1940 navis
916 1902 1156 1952 deprehensa
1182 1903 1239 1950 sit,
1266 1904 1490 1953 publicetur.

175 1971 310 2019 Quum
332 1982 475 2020 magna
504 1971 543 2007 in
575 1969 650 2007 alto
683 1975 890 2019 tempestas
921 1975 1030 2015 esset,
1052 1969 1106 2006 vis
1137 1975 1339 2007 ventorum
1369 1970 1493 2008 invitis

176 2037 301 2076 nautis
321 2035 563 2074 Rhodiorum
582 2036 621 2072 in
637 2043 789 2084 portum
809 2035 936 2072 navim
957 2036 1091 2084 co‘e'git.
1150 2035 1342 2082 Quaestor
1368 2037 1494 2075 navim

181 2103 314 2154 populi
351 2108 473 2140 vocat.
530 2100 647 2139 Navis
690 2101 870 2138 dominus
914 2108 1029 2149 negat
1076 2108 1254 2151 oportere
1298 2102 1492 2152 publicari.

118 2182 157 2214 25
178 2168 348 2207 Intentio
383 2174 468 2205 est:
514 2167 716 2204 ‘Rostrata
758 2166 864 2204 navis
904 2166 942 2203 in
983 2174 1094 2216 portu
1136 2168 1375 2218 deprehensa
1415 2167 1495 2207 est!

181 2233 380 2285 Depulsio,
412 2233 626 2271 concessio.
685 2231 822 2269 Ratio:
866 2231 939 2269 ‘Vi
970 2239 1007 2269 et
1041 2234 1259 2271 necessario
1293 2246 1426 2271 sumus
1459 2234 1495 2271 in

181 2307 336 2350 portum
351 2298 495 2337 coacti.'
524 2299 737 2335 Infirmatio
758 2304 831 2335 est:
860 2300 869 2316 ‘
886 2296 1025 2336 Navim
1045 2311 1091 2335 ex
1113 2299 1196 2347 lege
1217 2306 1345 2337 tamen
1365 2299 1500 2350 populi

182 2377 266 2404 esse
297 2364 471 2416 oportet.’
527 2364 714 2402 Iudicatio
742 2369 823 2401 est:
882 2362 1037 2409 ‘Quum
1069 2370 1270 2402 rostratam
1303 2366 1430 2403 navim
1460 2365 1500 2402 in
