1587 2533
83 340 144 374 325

82 666 145 696 330

81 1001 143 1034 335

80 1323 143 1354 340

81 1979 144 2012 350

82 2301 142 2335 355

167 101 193 135 1.
395 92 564 132 ROME'S
592 102 623 132 R
632 101 717 131 ULE
749 101 806 131 OF
835 101 929 131 HER
961 101 1023 130 PR
1030 101 1055 130 O
1063 100 1238 131 VINCL'S'.
1402 102 1426 133 2
1434 103 1450 130 1
1461 100 1482 142 7

166 199 336 245 debetur,
357 207 552 249 praeterea
570 212 642 237 nos
662 200 721 237 isti
741 199 943 237 hominum
969 198 1099 248 generi
1119 198 1323 248 praecipue
1346 198 1484 236 debere

164 265 347 311 videmur,
377 272 428 311 ut,
470 278 635 314 quorum
674 266 888 315 praeceptis
929 266 1047 303 simus
1088 265 1235 310 cruditi,
1276 264 1379 313 apud
1418 276 1485 302 eos

164 330 269 379 ipsos
291 331 395 379 quod
415 331 463 367 ab
483 331 528 368 iis
549 330 793 368 didicerimus
815 331 972 367 velimus
994 342 1233 379 expromere.

224 406 281 432 10.
312 395 439 444 Atque
467 395 525 432 ille
547 395 702 444 quidem
730 395 908 444 princeps
928 395 1071 444 ingenii
1099 401 1136 431 et
1156 395 1352 433 doctrinae
1374 395 1483 432 Plato

163 465 245 496 tum
266 459 431 509 denique
458 460 539 497 fore
564 461 692 497 beatas
720 472 779 497 res
800 461 971 509 publicas
999 460 1154 508 putavit,
1176 461 1206 497 si
1233 466 1297 498 aut
1325 460 1428 498 docti
1448 467 1485 497 et

163 525 356 573 sapientes
387 525 563 562 homines
591 537 655 562 eas
683 537 814 574 regere
842 525 1071 574 coepissent,
1094 532 1157 562 aut
1178 526 1200 562 ii
1222 526 1286 574 qui
1307 532 1484 575 regerent

163 601 280 627 omne
311 602 421 627 suum
452 590 618 628 studium
647 591 687 627 in
718 590 893 627 doctrina
923 597 959 628 et
1000 591 1187 639 sapientia
1217 591 1481 629 collocassent.

165 654 281 692 Hanc
308 657 620 693 coniunctionem
647 656 820 693 videlicet
850 657 1049 705 potestatis
1078 663 1114 693 et
1143 657 1351 706 sapientiae
1375 657 1483 694 saluti

164 722 311 759 censuit
348 722 558 759 civitatibus
598 734 682 759 esse
723 734 850 771 posse.
921 722 1039 767 Quod
1078 722 1237 760 fortasse
1278 724 1483 773 aliquando

162 787 360 824 universae
389 787 442 824 rei
479 787 652 836 publicae
685 795 850 832 nostrae,
883 800 986 824 nunc
1027 787 1183 836 quidem
1213 788 1387 837 profecto
1424 790 1483 826 isti

164 852 380 900 provinciae
407 852 577 901 contigit,
599 859 638 888 ut
659 853 689 889 is
717 853 755 888 in
777 864 821 889 ca
845 864 1035 889 summam
1065 859 1295 901 potestatem
1315 854 1482 899 haberet,

163 918 223 955 cui
249 917 288 954 in
319 918 503 964 doctrina,
525 919 584 954 cui
608 918 647 954 in
667 919 800 955 virtute
829 925 942 967 atque
972 918 1207 955 humanitate
1237 920 1483 968 percipienda

162 983 368 1032 plurimum
388 995 410 1020 a
436 984 595 1032 pueritia
622 984 734 1020 studii
754 983 886 1021 fuisset
913 990 949 1021 et
976 984 1171 1032 temporis.
1230 983 1361 1030 Quare
1383 997 1482 1030 cura,

162 1057 202 1085 ut
221 1049 282 1085 hic
303 1060 437 1094 annus,
460 1049 523 1098 qui
545 1049 592 1085 ad
614 1049 784 1086 laborem
806 1056 913 1085 tuum
934 1050 1105 1094 accessit,
1129 1049 1231 1086 idem
1252 1049 1300 1086 ad
1322 1051 1482 1088 salutem

163 1114 278 1150 Asiae
307 1121 536 1162 prorogatus
566 1126 650 1151 esse
675 1115 856 1152 videatur.
917 1113 1114 1160 Quoniam
1143 1115 1183 1151 in
1214 1121 1250 1152 te
1280 1116 1482 1154 retinendo

165 1178 232 1216 fuit
251 1179 344 1216 Asia
369 1178 514 1216 felicior
534 1191 651 1228 quam
679 1192 750 1218 nos
779 1180 817 1216 in
845 1179 1084 1225 deducendo,
1108 1180 1248 1228 perfice
1277 1186 1317 1217 ut
1344 1180 1484 1218 laetitia

163 1244 381 1294 provinciae
402 1244 630 1282 desiderium
660 1252 835 1282 nostrum
862 1245 1032 1282 leniatur.
1091 1245 1257 1290 Etenim,
1281 1246 1310 1282 si
1332 1246 1370 1282 in
1392 1258 1482 1296 pro-

163 1309 347 1347 merendo
374 1316 415 1346 ut
442 1310 507 1346 tibi
537 1310 629 1347 tanti
656 1310 822 1347 honores
851 1310 1090 1356 haberentur,
1114 1311 1246 1359 quanti
1275 1310 1376 1348 haud
1402 1312 1482 1350 scio

162 1387 212 1411 an
241 1375 397 1421 nemini,
419 1375 517 1412 fuisti
538 1376 713 1412 omnium
740 1375 1062 1423 diligentissimus,
1086 1376 1205 1412 multo
1233 1377 1419 1414 maiorem
1444 1378 1483 1414 in

161 1439 220 1477 his
239 1439 448 1477 honoribus
470 1440 619 1478 tuendis
640 1441 819 1477 adhibere
843 1441 1079 1489 diligentiam
1096 1441 1228 1478 debes.
1290 1441 1482 1491 Equidem

162 1505 210 1543 de
238 1505 311 1543 isto
345 1518 486 1554 genere
516 1506 707 1543 honorum
737 1506 829 1554 quid
861 1506 1040 1543 sentirem
1073 1507 1205 1555 scripsi
1236 1507 1285 1543 ad
1315 1513 1351 1544 te
1382 1514 1482 1545 ante.

164 1569 323 1620 Semper
343 1583 410 1608 eos
430 1572 568 1620 putavi,
586 1572 616 1608 si
637 1572 809 1619 vulgares
831 1578 967 1617 essent,
986 1571 1088 1616 viles,
1109 1573 1139 1609 si
1162 1573 1346 1620 temporis
1367 1584 1484 1610 causa

123 1646 135 1654 ·
162 1636 492 1682 constituerentur,
508 1636 631 1673 leves:
660 1636 690 1673 si
711 1648 812 1682 vero,
835 1636 871 1672 id
893 1636 999 1685 quod
1019 1637 1070 1673 ita
1093 1636 1236 1674 sactum
1253 1645 1321 1683 est,
1339 1639 1482 1676 meritis

162 1701 235 1739 tuis
263 1701 526 1747 tribuerentur,
548 1702 814 1738 existimabam
844 1702 1003 1750 multam
1030 1702 1095 1738 tibi
1126 1703 1165 1738 in
1196 1702 1239 1739 iis
1269 1702 1481 1740 honoribus

162 1766 312 1804 tuendis
340 1778 499 1816 operam
537 1779 619 1804 esse
658 1767 895 1815 ponendam.
953 1766 1083 1812 Quare
1121 1768 1305 1816 quoniam
1335 1768 1373 1805 in
1403 1768 1483 1806 istis

162 1831 317 1870 urbibus
346 1844 434 1869 cum
464 1844 616 1870 summo
637 1833 798 1881 imperio
819 1839 856 1869 et
883 1838 1069 1881 potestate
1092 1833 1262 1878 versaris,
1284 1834 1323 1870 in
1345 1834 1483 1883 quibus

163 1904 247 1935 tuas
275 1897 428 1935 virtutes
466 1904 707 1935 consecratas
739 1904 775 1935 et
814 1898 852 1934 in
882 1898 1042 1935 deorum
1082 1910 1243 1936 numero
1275 1899 1482 1938 collocatas

161 1963 278 2009 vides,
299 1963 338 1999 in
367 1963 545 2001 omnibus
575 1964 698 2008 rebus,
730 1976 825 2012 quas
856 1970 1008 2009 statueS‚
1041 1975 1135 2012 quas
1167 1964 1363 2011 decernes,
1386 1978 1482 2015 quas

162 2040 267 2078 ages,
287 2028 379 2078 quid
404 2030 518 2066 tantis
544 2028 744 2066 hominum
771 2029 1029 2078 opinionibus,
1051 2029 1162 2067 tantis
1191 2030 1237 2067 de
1265 2037 1301 2068 te
1321 2031 1481 2078 iudiciis,

162 2094 275 2132 tantis
301 2094 510 2132 honoribus
532 2095 672 2132 debeas
700 2094 896 2143 cogitabis.
956 2093 1002 2131 Id
1034 2101 1162 2132 autem
1187 2096 1255 2133 erit
1276 2097 1480 2144 eiusmodi,

161 2166 203 2198 ut
241 2160 417 2197 consutas
455 2161 646 2205 omnibus,
677 2167 716 2196 ut
756 2160 932 2196 medeare
973 2160 1231 2198 incommodis
1265 2161 1480 2208 hominum,

162 2225 363 2276 provideas
383 2225 502 2271 saluti,
522 2232 563 2262 ut
583 2232 618 2263 te
639 2233 836 2275 parentem
858 2225 975 2261 Asiae
996 2232 1033 2262 et
1055 2226 1127 2263 dici
1148 2233 1184 2264 et
1204 2226 1334 2264 haberi
1358 2227 1461 2265 velis.

221 2303 280 2328 11.
309 2291 436 2340 Atque
459 2291 547 2329 huic
576 2298 662 2328 tuae
690 2291 871 2328 voluntati
898 2302 942 2328 ac
970 2290 1186 2340 diligentiae
1218 2293 1479 2331 difficultatem

162 2368 345 2407 magnam
365 2356 540 2394 adferunt
559 2356 772 2406 publicani:
804 2357 941 2406 quibus
969 2357 999 2394 si
1026 2357 1281 2405 adversamur,
1303 2358 1480 2398 ordinem
