1587 2533
142 76 190 114 16
479 83 724 114 EXTRACTS
752 82 888 113 FROM
916 83 1097 115 CICERO.

135 177 266 226 inquit,
296 177 389 214 ‘ista
416 176 610 217 horribilia
642 177 815 214 minitare
853 177 1069 226 purpuratis
1108 177 1204 214 tuis:
1247 176 1446 215 Theodori

134 242 289 291 quidem
307 241 398 278 nihil
418 242 582 287 interest,
603 241 760 278 humine
780 253 830 278 an
849 241 1011 279 sublime
1031 240 1244 291 putrescat.’

188 306 304 344 Cuius
332 306 407 344 hoc
438 307 539 344 dicto
570 307 791 352 admoneor,
821 314 862 343 ut
899 307 1040 356 aliquid
1075 307 1190 344 etiarn
1227 307 1274 344 de
1312 307 1446 344 huma-

133 374 237 410 tione
275 379 313 410 et
350 372 542 421 sepultura
584 371 789 409 dicendum
829 372 1064 409 existimem:
1112 384 1194 409 rem
1232 384 1312 410 non
1351 372 1445 409 diffi-

135 438 256 483 cilem,
300 440 344 476 iis
379 438 601 488 praesertim
642 437 817 485 cognitis,
866 449 964 486 quae
1012 437 1059 474 de
1106 437 1198 474 nihil
1246 437 1447 475 sentiendo

133 503 260 552 paullo
299 510 387 539 ante
425 502 524 539 dicta
561 508 659 539 sunt.
716 501 781 549 De
804 501 1116 557 ssquaibSocra-tes
1159 502 1316 551 quidem
1356 502 1448 551 quid

128 568 303 614 senserit,
332 574 490 616 apparet
516 567 558 604 in
585 578 632 603 eo
661 567 756 603 libro
785 567 824 603 in
852 578 930 615 quo
957 567 1141 604 moritur:
1186 560 1318 613 Quum
1337 563 1447 604 'enim

134 634 179 670 de
210 632 490 669 immortalitate
520 631 737 668 animorum
767 631 1043 681 disputavisset,
1074 638 1111 669 et
1147 632 1224 669 iarn
1261 631 1448 669 moriendi

132 705 283 746 tempus
311 704 474 745 urgeret,
505 702 661 744 rogatus
691 708 713 733 a
742 695 910 742 Critone,
941 697 1271 745 quemadmodum
1300 697 1449 746 sepeliri

131 763 250 808 vellet,
284 761 469 798 ‘Multam
498 761 611 806 vero,'
641 762 764 810 inquit
792 764 987 810 ‘opera1n‚
1018 763 1140 808 amici,
1179 762 1316 800 frustra
1354 774 1446 800 con-

132 828 287 876 sumpsi.
346 826 490 864 Critoni
519 827 621 863 enim
651 833 782 863 nostro
812 838 891 864 non
921 828 1103 876 persuasi,
1123 839 1186 864 me
1212 828 1301 864 hinc
1321 827 1446 864 avola-

134 903 268 938 turum,
313 905 438 941 neque
481 891 692 940 quidquam
734 892 810 928 mei
852 891 1078 929 relicturum.
1155 891 1445 939 Verumtamen,

132 958 247 1004 Crito,
278 958 308 995 si
337 970 398 995 me
437 958 589 1006 assequi
627 958 795 1006 potueris
834 965 897 994 aut
940 958 1060 995 sicubi
1101 965 1235 996 nactus
1278 958 1362 1004 eris,
1404 965 1446 995 ut

132 1024 198 1061 tibi
227 1023 411 1060 videbitur
440 1023 610 1071 sepelito.
670 1022 757 1072 Sed²
789 1022 1043 1082 mihL—qrede,
1083 1030 1445 1067 nemowmefflvesh

130 1102 226 1135 rum,
269 1088 516 1140 quum-hinc
555 1100 769 1134 excessero,
812 1086 1090 1151 consequetur)
1164 1088 1361 1126 Praeclare
1407 1088 1445 1125 id

131 1155 297 1204 quidem,
328 1154 392 1203 qui
421 1160 458 1191 et
487 1152 613 1190 amico
641 1142 874 1202 permiserit
895 1161 932 1190 et
962 1166 1001 1191 se
1039 1154 1248 1192 ostenderit
1286 1154 1333 1191 de
1371 1153 1446 1191 hoc

132 1227 212 1258 toto
251 1231 390 1269 genere
430 1219 520 1255 nihil
558 1218 741 1256 laborare.
817 1218 958 1256 Durior
995 1219 1204 1269 Diogenes,
1237 1226 1274 1257 et
1301 1219 1333 1257 is
1362 1219 1444 1268 qui-

132 1286 220 1323 dem
248 1286 351 1323 idem
381 1284 560 1330 sentiens,
595 1283 674 1329 sed,
714 1290 756 1321 ut
793 1283 970 1333 Cynicus,
1010 1286 1192 1334 asperius,
1231 1285 1366 1334 proiici
1404 1297 1443 1322 se

131 1352 237 1389 iussit
265 1351 516 1388 inhumatum.
593 1349 697 1387 Tum
736 1350 857 1395 amici,
898 1349 1201 1388 ‘Volucribusne
1234 1357 1271 1388 et
1308 1350 1442 1389 feris?'

132 1418 314 1455 ‘Minime
342 1417 455 1462 vero,'
486 1416 630 1465 inquit:
674 1415 762 1453 ‘sed
791 1416 968 1453 bacillum
991 1424 1143 1466 propter
1166 1429 1239 1463 me,
1261 1429 1338 1466 quo
1364 1417 1442 1454 abi-

128 1495 230 1532 gam,
261 1481 457 1531 ponitote.'
517 1481 621 1527 ‘Qui
653 1481 843 1530 poteris?’
875 1482 945 1518 illi:
998 1485 1102 1517 ‘non
1139 1480 1240 1516 enirn
1280 1477 1441 1515 senties?

128 1553 136 1568 ‘
153 1548 260 1594 Quid
281 1549 392 1597 igitur
420 1546 513 1584 mihi
541 1546 703 1583 ferarum
733 1546 895 1584 laniatus
926 1547 1057 1593 oberit,
1089 1547 1181 1585 nihil
1211 1548 1439 1586 sentienti?'

125 1613 322 1650 Praeclare
361 1613 641 1660 Anaxagoras:
698 1611 773 1660 qui,
813 1624 931 1661 quum
970 1612 1174 1662 Lampsaci
1220 1621 1441 1659 moreretur,

124 1679 394 1728 quaerentibus
414 1678 558 1722 amicis,
580 1676 742 1714 velletne
764 1676 1017 1715 Clazomenas
1037 1679 1075 1715 in
1095 1679 1268 1727 patriam,
1293 1679 1324 1716 si
1350 1679 1442 1728 quid

125 1744 159 1780 ei
188 1744 399 1789 accidisset,
422 1742 585 1780 auferri:
617 1745 625 1761 ‘
643 1741 747 1779 Nihil
767 1755 926 1781 necesse
954 1742 1033 1790 est,’
1061 1744 1207 1792 inquit:
1251 1744 1440 1793 ‘undique

124 1810 226 1846 enim
250 1809 299 1846 ad
324 1809 467 1846 inferos
501 1808 743 1846 tantumdem
769 1809 851 1846 viae
880 1807 959 1846 est.'
1017 1808 1196 1858 Totaque
1223 1809 1269 1846 de
1296 1810 1441 1847 ratione

122 1875 355 1913 humationis
375 1887 504 1912 -unum
538 1875 749 1912 tenendum
777 1882 844 1920 est,
871 1875 920 1913 ad
947 1887 1087 1925 corpus
1115 1875 1216 1912 illam
1242 1877 1441 1925 pertinere,

124 1942 202 1979 sive
234 1941 417 1979 occiderit
445 1941 606 1985 animus,
637 1940 714 1977 sive
742 1941 877 1989 vigeat.
934 1941 982 1978 In
1011 1953 1171 1991 corpore
1200 1948 1327 1979 autem
1356 1955 1441 1991 per-

123 2008 300 2056 spicuum
320 2012 388 2052 est,
409 2006 468 2043 vel
488 2006 677 2043 exstincto
698 2006 827 2044 animo
847 2006 906 2044 vel
932 2006 1076 2056 elapso,
1102 2007 1248 2044 nullum
1276 2007 1441 2045 residere

123 2083 291 2109 sensum.

473 2181 534 2214 21.
577 2177 641 2213 An
671 2176 811 2213 Heroz‘c
839 2176 1089 2225 philosopher.

179 2275 282 2313 Audi
309 2274 478 2311 moriens
503 2274 595 2322 quid
623 2274 722 2312 dicat
748 2274 950 2324 Epicurus,
972 2281 1009 2312 et
1037 2274 1202 2323 intellige
1232 2274 1332 2313 facta
1359 2275 1439 2313 eius

121 2354 210 2380 cum
250 2341 360 2379 dictis
395 2340 623 2390 discrepare.
700 2339 912 2390 ‘Epicurus
950 2339 1191 2378 Hermarcho
1231 2340 1268 2378 S.
1308 2341 1440 2389 Quum

1464 313 1504 346 95

1469 646 1529 668 100

1468 974 1524 1004 105

1466 1298 1525 1320 110

1465 1629 1520 1659 115

1464 1959 1522 1980 120
