<?xml version="1.0" encoding="UTF-8"?>
<!DOCTYPE html PUBLIC "-//W3C//DTD XHTML 1.0 Transitional//EN"
    "http://www.w3.org/TR/xhtml1/DTD/xhtml1-transitional.dtd">
<html xmlns="http://www.w3.org/1999/xhtml" xml:lang="en" lang="en">
 <head>
  <title>
</title>
<meta http-equiv="Content-Type" content="text/html;charset=utf-8" />
  <meta name='ocr-system' content='tesseract 3.04.00' />
  <meta name='ocr-capabilities' content='ocr_page ocr_carea ocr_par ocr_line ocrx_word'/>
</head>
<body>
  <div class='ocr_page' id='page_1' title='image "./extractsfromcice00ciceuoft_0232.png"; bbox 0 0 1587 2533; ppageno 0'>
   <div class='ocr_carea' id='block_1_1' title="bbox 111 102 1422 141">
    <p class='ocr_par' dir='ltr' id='par_1_1' title="bbox 111 102 1422 141">
     <span class='ocr_line' id='line_1_1' title="bbox 111 102 1422 141; baseline -0.002 -6"><span class='ocrx_word' id='word_1_1' title='bbox 111 111 192 141; x_wconf 80' lang='lat'><strong>212</strong></span> <span class='ocrx_word' id='word_1_2' title='bbox 451 102 695 134; x_wconf 86' lang='lat' dir='ltr'><strong><em>EXTRACTS</em></strong></span> <span class='ocrx_word' id='word_1_3' title='bbox 723 102 860 132; x_wconf 82' lang='lat' dir='ltr'><em>FROM</em></span> <span class='ocrx_word' id='word_1_4' title='bbox 887 102 1064 133; x_wconf 84' lang='lat' dir='ltr'><strong><em>CICERO·</em></strong></span> <span class='ocrx_word' id='word_1_5' title='bbox 1280 102 1358 132; x_wconf 78' lang='lat' dir='ltr'><strong>sect.</strong></span> <span class='ocrx_word' id='word_1_6' title='bbox 1381 103 1422 134; x_wconf 88' lang='lat' dir='ltr'><strong>V.</strong></span> 
     </span>
    </p>
   </div>
   <div class='ocr_carea' id='block_1_2' title="bbox 107 200 1426 639">
    <p class='ocr_par' dir='ltr' id='par_1_2' title="bbox 107 200 1426 639">
     <span class='ocr_line' id='line_1_2' title="bbox 165 200 1423 255; baseline -0.006 -11"><span class='ocrx_word' id='word_1_7' title='bbox 165 216 200 254; x_wconf 87' lang='lat'><strong>5.</strong></span> <span class='ocrx_word' id='word_1_8' title='bbox 230 206 278 244; x_wconf 90' lang='lat' dir='ltr'><strong>In</strong></span> <span class='ocrx_word' id='word_1_9' title='bbox 298 203 493 255; x_wconf 89' lang='lat' dir='ltr'><strong>provincia</strong></span> <span class='ocrx_word' id='word_1_10' title='bbox 512 215 601 241; x_wconf 87' lang='lat' dir='ltr'><strong>vero</strong></span> <span class='ocrx_word' id='word_1_11' title='bbox 622 203 706 252; x_wconf 89' lang='lat' dir='ltr'><strong>ipsa</strong></span> <span class='ocrx_word' id='word_1_12' title='bbox 726 202 757 239; x_wconf 89' lang='lat' dir='ltr'><strong>si</strong></span> <span class='ocrx_word' id='word_1_13' title='bbox 784 214 899 251; x_wconf 91' lang='lat' dir='ltr'><strong>quem</strong></span> <span class='ocrx_word' id='word_1_14' title='bbox 926 213 967 239; x_wconf 88' lang='lat' dir='ltr'><strong>es</strong></span> <span class='ocrx_word' id='word_1_15' title='bbox 993 207 1138 245; x_wconf 88' lang='lat' dir='ltr'><strong>nactus,</strong></span> <span class='ocrx_word' id='word_1_16' title='bbox 1163 200 1227 250; x_wconf 92' lang='lat' dir='ltr'><strong>qui</strong></span> <span class='ocrx_word' id='word_1_17' title='bbox 1255 200 1293 237; x_wconf 91' lang='lat' dir='ltr'><strong>in</strong></span> <span class='ocrx_word' id='word_1_18' title='bbox 1320 208 1423 237; x_wconf 90' lang='lat' dir='ltr'><strong>tuam</strong></span> 
     </span>
     <span class='ocr_line' id='line_1_3' title="bbox 109 265 1425 318; baseline -0.005 -9"><span class='ocrx_word' id='word_1_19' title='bbox 109 270 401 308; x_wconf 80' lang='lat' dir='ltr'><strong>familiaritatem</strong></span> <span class='ocrx_word' id='word_1_20' title='bbox 421 269 571 318; x_wconf 90' lang='lat' dir='ltr'><strong>penitus</strong></span> <span class='ocrx_word' id='word_1_21' title='bbox 601 267 755 312; x_wconf 89' lang='lat' dir='ltr'><strong>intrarit,</strong></span> <span class='ocrx_word' id='word_1_22' title='bbox 776 267 841 315; x_wconf 86' lang='lat' dir='ltr'><strong>qui</strong></span> <span class='ocrx_word' id='word_1_23' title='bbox 867 266 978 303; x_wconf 91' lang='lat' dir='ltr'><strong>nobis</strong></span> <span class='ocrx_word' id='word_1_24' title='bbox 1009 272 1097 303; x_wconf 92' lang='lat' dir='ltr'><strong>ante</strong></span> <span class='ocrx_word' id='word_1_25' title='bbox 1123 265 1232 302; x_wconf 87' lang='lat' dir='ltr'><strong>fuerit</strong></span> <span class='ocrx_word' id='word_1_26' title='bbox 1258 265 1425 314; x_wconf 87' lang='lat' dir='ltr'><strong>ignotus,</strong></span> 
     </span>
     <span class='ocr_line' id='line_1_4' title="bbox 110 330 1426 386; baseline -0.006 -12"><span class='ocrx_word' id='word_1_27' title='bbox 110 337 200 374; x_wconf 91' lang='lat' dir='ltr'><strong>huic</strong></span> <span class='ocrx_word' id='word_1_28' title='bbox 229 342 417 386; x_wconf 89' lang='lat' dir='ltr'><strong>quantum</strong></span> <span class='ocrx_word' id='word_1_29' title='bbox 448 332 682 371; x_wconf 87' lang='lat' dir='ltr'><strong>credendum</strong></span> <span class='ocrx_word' id='word_1_30' title='bbox 713 332 760 369; x_wconf 88' lang='lat' dir='ltr'><strong>sit</strong></span> <span class='ocrx_word' id='word_1_31' title='bbox 788 331 883 376; x_wconf 91' lang='lat' dir='ltr'><strong>vide,</strong></span> <span class='ocrx_word' id='word_1_32' title='bbox 913 343 993 368; x_wconf 90' lang='lat' dir='ltr'><strong>non</strong></span> <span class='ocrx_word' id='word_1_33' title='bbox 1023 331 1115 379; x_wconf 91' lang='lat' dir='ltr'><strong>quin</strong></span> <span class='ocrx_word' id='word_1_34' title='bbox 1144 330 1291 380; x_wconf 83' lang='lat' dir='ltr'><strong>possint</strong></span> <span class='ocrx_word' id='word_1_35' title='bbox 1319 330 1426 367; x_wconf 91' lang='lat' dir='ltr'><strong>multi</strong></span> 
     </span>
     <span class='ocr_line' id='line_1_5' title="bbox 109 395 1425 450; baseline -0.005 -12"><span class='ocrx_word' id='word_1_36' title='bbox 109 413 194 438; x_wconf 88' lang='lat' dir='ltr'><strong>esse</strong></span> <span class='ocrx_word' id='word_1_37' title='bbox 232 399 481 450; x_wconf 82' lang='lat' dir='ltr'><strong>provinciales</strong></span> <span class='ocrx_word' id='word_1_38' title='bbox 510 397 577 434; x_wconf 91' lang='lat' dir='ltr'><strong>viri</strong></span> <span class='ocrx_word' id='word_1_39' title='bbox 606 397 712 442; x_wconf 89' lang='lat' dir='ltr'><strong>boni,</strong></span> <span class='ocrx_word' id='word_1_40' title='bbox 743 396 810 434; x_wconf 88' lang='lat' dir='ltr'><strong>sed</strong></span> <span class='ocrx_word' id='word_1_41' title='bbox 847 396 921 433; x_wconf 87' lang='lat' dir='ltr'><strong>hoc</strong></span> <span class='ocrx_word' id='word_1_42' title='bbox 956 407 1107 444; x_wconf 89' lang='lat' dir='ltr'><strong>sperare</strong></span> <span class='ocrx_word' id='word_1_43' title='bbox 1135 395 1232 440; x_wconf 89' lang='lat' dir='ltr'><strong>licet,</strong></span> <span class='ocrx_word' id='word_1_44' title='bbox 1260 395 1425 432; x_wconf 88' lang='lat' dir='ltr'><strong>iudicare</strong></span> 
     </span>
     <span class='ocr_line' id='line_1_6' title="bbox 107 459 1425 516; baseline -0.005 -13"><span class='ocrx_word' id='word_1_45' title='bbox 107 466 367 516; x_wconf 89' lang='lat' dir='ltr'><strong>periculosum</strong></span> <span class='ocrx_word' id='word_1_46' title='bbox 387 470 455 501; x_wconf 91' lang='lat' dir='ltr'><strong>est.</strong></span> <span class='ocrx_word' id='word_1_47' title='bbox 514 461 646 499; x_wconf 90' lang='lat' dir='ltr'><strong>Multis</strong></span> <span class='ocrx_word' id='word_1_48' title='bbox 673 461 775 499; x_wconf 90' lang='lat' dir='ltr'><strong>enim</strong></span> <span class='ocrx_word' id='word_1_49' title='bbox 803 460 1087 498; x_wconf 83' lang='lat' dir='ltr'><strong>simulationum</strong></span> <span class='ocrx_word' id='word_1_50' title='bbox 1108 459 1309 497; x_wconf 90' lang='lat' dir='ltr'><strong>involucris</strong></span> <span class='ocrx_word' id='word_1_51' title='bbox 1331 460 1425 508; x_wconf 88' lang='lat' dir='ltr'><strong>tegi-</strong></span> 
     </span>
     <span class='ocr_line' id='line_1_7' title="bbox 108 524 1425 578; baseline -0.006 -10"><span class='ocrx_word' id='word_1_52' title='bbox 108 536 169 568; x_wconf 86' lang='lat' dir='ltr'><strong>tur</strong></span> <span class='ocrx_word' id='word_1_53' title='bbox 208 536 245 567; x_wconf 88' lang='lat' dir='ltr'><strong>et</strong></span> <span class='ocrx_word' id='word_1_54' title='bbox 282 528 391 578; x_wconf 83' lang='lat' dir='ltr'><strong>quasi</strong></span> <span class='ocrx_word' id='word_1_55' title='bbox 429 527 521 565; x_wconf 91' lang='lat' dir='ltr'><strong>velis</strong></span> <span class='ocrx_word' id='word_1_56' title='bbox 565 526 795 575; x_wconf 91' lang='lat' dir='ltr'><strong>quibusdam</strong></span> <span class='ocrx_word' id='word_1_57' title='bbox 829 525 1049 562; x_wconf 83' lang='lat' dir='ltr'><strong>obtenditur</strong></span> <span class='ocrx_word' id='word_1_58' title='bbox 1090 524 1202 561; x_wconf 90' lang='lat' dir='ltr'><strong>unius</strong></span> <span class='ocrx_word' id='word_1_59' title='bbox 1244 524 1425 573; x_wconf 90' lang='lat' dir='ltr'><strong>cuiusque</strong></span> 
     </span>
     <span class='ocr_line' id='line_1_8' title="bbox 108 589 1425 639; baseline -0.005 -7"><span class='ocrx_word' id='word_1_60' title='bbox 108 601 264 632; x_wconf 88' lang='lat' dir='ltr'><strong>natura:</strong></span> <span class='ocrx_word' id='word_1_61' title='bbox 297 593 416 638; x_wconf 88' lang='lat' dir='ltr'><strong>frons,</strong></span> <span class='ocrx_word' id='word_1_62' title='bbox 436 592 547 637; x_wconf 87' lang='lat' dir='ltr'><strong>oculi,</strong></span> <span class='ocrx_word' id='word_1_63' title='bbox 570 591 693 627; x_wconf 91' lang='lat' dir='ltr'><strong>vultus</strong></span> <span class='ocrx_word' id='word_1_64' title='bbox 724 601 908 639; x_wconf 83' lang='lat' dir='ltr'><strong>persaepe</strong></span> <span class='ocrx_word' id='word_1_65' title='bbox 928 589 1173 634; x_wconf 91' lang='lat' dir='ltr'><strong>mentiuntur,</strong></span> <span class='ocrx_word' id='word_1_66' title='bbox 1195 589 1316 626; x_wconf 85' lang='lat' dir='ltr'><strong>oratio</strong></span> <span class='ocrx_word' id='word_1_67' title='bbox 1337 600 1425 626; x_wconf 89' lang='lat' dir='ltr'><strong>vero</strong></span> 
     </span>
    </p>
   </div>
   <div class='ocr_carea' id='block_1_3' title="bbox 1447 343 1505 374">
    <p class='ocr_par' dir='ltr' id='par_1_3' title="bbox 1447 343 1505 374">
     <span class='ocr_line' id='line_1_9' title="bbox 1447 343 1505 374; baseline 0.017 -1"><span class='ocrx_word' id='word_1_68' title='bbox 1447 343 1505 374; x_wconf 78' lang='lat'><strong>155</strong></span> 
     </span>
    </p>
   </div>
   <div class='ocr_carea' id='block_1_4' title="bbox 108 654 1508 708">
    <p class='ocr_par' dir='ltr' id='par_1_4' title="bbox 108 654 1508 708">
     <span class='ocr_line' id='line_1_10' title="bbox 108 654 1508 708; baseline -0.006 -12"><span class='ocrx_word' id='word_1_69' title='bbox 108 658 341 708; x_wconf 81' lang='lat' dir='ltr'><strong>saepissime.</strong></span> <span class='ocrx_word' id='word_1_70' title='bbox 400 656 529 703; x_wconf 85' lang='lat' dir='ltr'><strong>Quam</strong></span> <span class='ocrx_word' id='word_1_71' title='bbox 559 657 610 694; x_wconf 93' lang='lat' dir='ltr'><strong>ob</strong></span> <span class='ocrx_word' id='word_1_72' title='bbox 636 667 716 693; x_wconf 90' lang='lat' dir='ltr'><strong>rem</strong></span> <span class='ocrx_word' id='word_1_73' title='bbox 743 655 807 704; x_wconf 90' lang='lat' dir='ltr'><strong>qui</strong></span> <span class='ocrx_word' id='word_1_74' title='bbox 834 661 943 703; x_wconf 86' lang='lat' dir='ltr'><strong>potes</strong></span> <span class='ocrx_word' id='word_1_75' title='bbox 971 654 1131 703; x_wconf 89' lang='lat' dir='ltr'><strong>reperire</strong></span> <span class='ocrx_word' id='word_1_76' title='bbox 1153 666 1198 691; x_wconf 86' lang='lat' dir='ltr'><strong>ex</strong></span> <span class='ocrx_word' id='word_1_77' title='bbox 1220 665 1266 690; x_wconf 91' lang='lat' dir='ltr'><strong>eo</strong></span> <span class='ocrx_word' id='word_1_78' title='bbox 1287 665 1428 701; x_wconf 87' lang='lat' dir='ltr'><strong>genere</strong></span> <span class='ocrx_word' id='word_1_79' title='bbox 1447 657 1508 687; x_wconf 89' lang='lat'><strong>160</strong></span> 
     </span>
    </p>
   </div>
   <div class='ocr_carea' id='block_1_5' title="bbox 105 719 1427 2265">
    <p class='ocr_par' dir='ltr' id='par_1_5' title="bbox 105 719 1427 2062">
     <span class='ocr_line' id='line_1_11' title="bbox 107 719 1427 772; baseline -0.005 -11"><span class='ocrx_word' id='word_1_80' title='bbox 107 723 320 768; x_wconf 89' lang='lat' dir='ltr'><strong>hominurn,</strong></span> <span class='ocrx_word' id='word_1_81' title='bbox 342 723 405 772; x_wconf 91' lang='lat' dir='ltr'><strong>qui</strong></span> <span class='ocrx_word' id='word_1_82' title='bbox 435 722 621 771; x_wconf 84' lang='lat' dir='ltr'><strong>pecuniae</strong></span> <span class='ocrx_word' id='word_1_83' title='bbox 651 720 856 769; x_wconf 87' lang='lat' dir='ltr'><strong>cupiditate</strong></span> <span class='ocrx_word' id='word_1_84' title='bbox 886 719 1039 756; x_wconf 88' lang='lat' dir='ltr'><strong>adducti</strong></span> <span class='ocrx_word' id='word_1_85' title='bbox 1066 725 1216 756; x_wconf 86' lang='lat' dir='ltr'><strong>careant</strong></span> <span class='ocrx_word' id='word_1_86' title='bbox 1243 719 1287 756; x_wconf 87' lang='lat' dir='ltr'><strong>iis</strong></span> <span class='ocrx_word' id='word_1_87' title='bbox 1313 719 1427 755; x_wconf 88' lang='lat' dir='ltr'><strong>rebus</strong></span> 
     </span>
     <span class='ocr_line' id='line_1_12' title="bbox 108 785 1424 836; baseline -0.004 -11"><span class='ocrx_word' id='word_1_88' title='bbox 108 788 297 834; x_wconf 86' lang='lat' dir='ltr'><strong>omnibus,</strong></span> <span class='ocrx_word' id='word_1_89' title='bbox 320 799 342 824; x_wconf 90' lang='lat' dir='ltr'><strong>a</strong></span> <span class='ocrx_word' id='word_1_90' title='bbox 362 787 500 836; x_wconf 89' lang='lat' dir='ltr'><strong>quibus</strong></span> <span class='ocrx_word' id='word_1_91' title='bbox 521 798 592 823; x_wconf 92' lang='lat' dir='ltr'><strong>nos</strong></span> <span class='ocrx_word' id='word_1_92' title='bbox 614 785 747 822; x_wconf 87' lang='lat' dir='ltr'><strong>divulsi</strong></span> <span class='ocrx_word' id='word_1_93' title='bbox 767 796 850 822; x_wconf 88' lang='lat' dir='ltr'><strong>esse</strong></span> <span class='ocrx_word' id='word_1_94' title='bbox 878 796 956 821; x_wconf 90' lang='lat' dir='ltr'><strong>non</strong></span> <span class='ocrx_word' id='word_1_95' title='bbox 983 795 1202 833; x_wconf 87' lang='lat' dir='ltr'><strong>possumus,</strong></span> <span class='ocrx_word' id='word_1_96' title='bbox 1224 790 1260 821; x_wconf 89' lang='lat' dir='ltr'><strong>te</strong></span> <span class='ocrx_word' id='word_1_97' title='bbox 1287 791 1424 828; x_wconf 87' lang='lat' dir='ltr'><strong>autem,</strong></span> 
     </span>
     <span class='ocr_line' id='line_1_13' title="bbox 108 848 1425 897; baseline -0.004 -8"><span class='ocrx_word' id='word_1_98' title='bbox 108 852 274 890; x_wconf 84' lang='lat' dir='ltr'><strong>alienum</strong></span> <span class='ocrx_word' id='word_1_99' title='bbox 302 852 511 897; x_wconf 89' lang='lat' dir='ltr'><strong>hominem,</strong></span> <span class='ocrx_word' id='word_1_100' title='bbox 541 856 671 888; x_wconf 89' lang='lat' dir='ltr'><strong>ament</strong></span> <span class='ocrx_word' id='word_1_101' title='bbox 705 862 752 887; x_wconf 85' lang='lat' dir='ltr'><strong>ex</strong></span> <span class='ocrx_word' id='word_1_102' title='bbox 782 850 912 886; x_wconf 87' lang='lat' dir='ltr'><strong>animo</strong></span> <span class='ocrx_word' id='word_1_103' title='bbox 943 861 986 885; x_wconf 92' lang='lat' dir='ltr'><strong>ac</strong></span> <span class='ocrx_word' id='word_1_104' title='bbox 1016 860 1095 885; x_wconf 89' lang='lat' dir='ltr'><strong>non</strong></span> <span class='ocrx_word' id='word_1_105' title='bbox 1133 848 1191 886; x_wconf 90' lang='lat' dir='ltr'><strong>sui</strong></span> <span class='ocrx_word' id='word_1_106' title='bbox 1229 848 1425 885; x_wconf 89' lang='lat' dir='ltr'><strong>commodi</strong></span> 
     </span>
     <span class='ocr_line' id='line_1_14' title="bbox 107 914 1425 964; baseline -0.004 -9"><span class='ocrx_word' id='word_1_107' title='bbox 107 929 223 956; x_wconf 88' lang='lat' dir='ltr'><strong>causa</strong></span> <span class='ocrx_word' id='word_1_108' title='bbox 251 916 458 955; x_wconf 86' lang='lat' dir='ltr'><strong>simulent?</strong></span> <span class='ocrx_word' id='word_1_109' title='bbox 514 915 611 953; x_wconf 91' lang='lat' dir='ltr'><strong>Mihi</strong></span> <span class='ocrx_word' id='word_1_110' title='bbox 650 914 805 964; x_wconf 88' lang='lat' dir='ltr'><strong>quidem</strong></span> <span class='ocrx_word' id='word_1_111' title='bbox 843 925 1100 963; x_wconf 81' lang='lat' dir='ltr'><strong>permagnum</strong></span> <span class='ocrx_word' id='word_1_112' title='bbox 1129 914 1285 958; x_wconf 87' lang='lat' dir='ltr'><strong>videtur,</strong></span> <span class='ocrx_word' id='word_1_113' title='bbox 1316 925 1425 962; x_wconf 89' lang='lat' dir='ltr'><strong>prae-</strong></span> 
     </span>
     <span class='ocr_line' id='line_1_15' title="bbox 108 979 1425 1030; baseline -0.005 -9"><span class='ocrx_word' id='word_1_114' title='bbox 108 985 237 1021; x_wconf 90' lang='lat' dir='ltr'><strong>sertim</strong></span> <span class='ocrx_word' id='word_1_115' title='bbox 258 983 288 1020; x_wconf 87' lang='lat' dir='ltr'><strong>si</strong></span> <span class='ocrx_word' id='word_1_116' title='bbox 309 983 424 1020; x_wconf 90' lang='lat' dir='ltr'><strong>iidem</strong></span> <span class='ocrx_word' id='word_1_117' title='bbox 446 982 623 1020; x_wconf 86' lang='lat' dir='ltr'><strong>homines</strong></span> <span class='ocrx_word' id='word_1_118' title='bbox 642 981 830 1030; x_wconf 90' lang='lat' dir='ltr'><strong>privatum</strong></span> <span class='ocrx_word' id='word_1_119' title='bbox 851 991 932 1016; x_wconf 90' lang='lat' dir='ltr'><strong>non</strong></span> <span class='ocrx_word' id='word_1_120' title='bbox 952 979 1028 1016; x_wconf 81' lang='lat' dir='ltr'><strong>fere</strong></span> <span class='ocrx_word' id='word_1_121' title='bbox 1049 991 1296 1028; x_wconf 87' lang='lat' dir='ltr'><strong>quemquam,</strong></span> <span class='ocrx_word' id='word_1_122' title='bbox 1317 990 1425 1028; x_wconf 90' lang='lat' dir='ltr'><strong>prae-</strong></span> 
     </span>
     <span class='ocr_line' id='line_1_16' title="bbox 106 1044 1426 1098; baseline -0.005 -11"><span class='ocrx_word' id='word_1_123' title='bbox 106 1056 209 1087; x_wconf 90' lang='lat' dir='ltr'><strong>tores</strong></span> <span class='ocrx_word' id='word_1_124' title='bbox 236 1060 388 1098; x_wconf 89' lang='lat' dir='ltr'><strong>semper</strong></span> <span class='ocrx_word' id='word_1_125' title='bbox 411 1060 547 1086; x_wconf 89' lang='lat' dir='ltr'><strong>omnes</strong></span> <span class='ocrx_word' id='word_1_126' title='bbox 577 1053 716 1084; x_wconf 88' lang='lat' dir='ltr'><strong>amant.</strong></span> <span class='ocrx_word' id='word_1_127' title='bbox 775 1045 866 1092; x_wconf 85' lang='lat' dir='ltr'><strong>Quo</strong></span> <span class='ocrx_word' id='word_1_128' title='bbox 896 1057 942 1082; x_wconf 87' lang='lat' dir='ltr'><strong>ex</strong></span> <span class='ocrx_word' id='word_1_129' title='bbox 970 1057 1110 1093; x_wconf 86' lang='lat' dir='ltr'><strong>genere</strong></span> <span class='ocrx_word' id='word_1_130' title='bbox 1138 1044 1169 1081; x_wconf 89' lang='lat' dir='ltr'><strong>si</strong></span> <span class='ocrx_word' id='word_1_131' title='bbox 1195 1056 1310 1093; x_wconf 89' lang='lat' dir='ltr'><strong>quem</strong></span> <span class='ocrx_word' id='word_1_132' title='bbox 1331 1044 1426 1081; x_wconf 89' lang='lat' dir='ltr'><strong>forte</strong></span> 
     </span>
     <span class='ocr_line' id='line_1_17' title="bbox 107 1110 1425 1162; baseline -0.005 -10"><span class='ocrx_word' id='word_1_133' title='bbox 107 1114 161 1152; x_wconf 86' lang='lat' dir='ltr'><strong>tui</strong></span> <span class='ocrx_word' id='word_1_134' title='bbox 190 1113 368 1162; x_wconf 87' lang='lat' dir='ltr'><strong>cognosti</strong></span> <span class='ocrx_word' id='word_1_135' title='bbox 398 1113 650 1149; x_wconf 89' lang='lat' dir='ltr'><strong>amantiorem</strong></span> <span class='ocrx_word' id='word_1_136' title='bbox 675 1110 772 1162; x_wconf 90' lang='lat' dir='ltr'><strong>(fieri</strong></span> <span class='ocrx_word' id='word_1_137' title='bbox 802 1110 903 1147; x_wconf 89' lang='lat' dir='ltr'><strong>enim</strong></span> <span class='ocrx_word' id='word_1_138' title='bbox 929 1110 1067 1158; x_wconf 90' lang='lat' dir='ltr'><strong>potuit)</strong></span> <span class='ocrx_word' id='word_1_139' title='bbox 1091 1121 1207 1158; x_wconf 86' lang='lat' dir='ltr'><strong>quam</strong></span> <span class='ocrx_word' id='word_1_140' title='bbox 1231 1110 1425 1158; x_wconf 88' lang='lat' dir='ltr'><strong>temporis,</strong></span> 
     </span>
     <span class='ocr_line' id='line_1_18' title="bbox 106 1174 1425 1217; baseline -0.004 -1"><span class='ocrx_word' id='word_1_141' title='bbox 106 1179 208 1217; x_wconf 91' lang='lat' dir='ltr'><strong>hunc</strong></span> <span class='ocrx_word' id='word_1_142' title='bbox 234 1190 324 1216; x_wconf 87' lang='lat' dir='ltr'><strong>vero</strong></span> <span class='ocrx_word' id='word_1_143' title='bbox 353 1178 402 1215; x_wconf 91' lang='lat' dir='ltr'><strong>ad</strong></span> <span class='ocrx_word' id='word_1_144' title='bbox 428 1184 534 1215; x_wconf 89' lang='lat' dir='ltr'><strong>tuum</strong></span> <span class='ocrx_word' id='word_1_145' title='bbox 563 1188 765 1214; x_wconf 90' lang='lat' dir='ltr'><strong>numerum</strong></span> <span class='ocrx_word' id='word_1_146' title='bbox 792 1175 955 1212; x_wconf 85' lang='lat' dir='ltr'><strong>libentur</strong></span> <span class='ocrx_word' id='word_1_147' title='bbox 984 1174 1187 1212; x_wconf 86' lang='lat' dir='ltr'><strong>ascribito:</strong></span> <span class='ocrx_word' id='word_1_148' title='bbox 1216 1174 1275 1212; x_wconf 91' lang='lat' dir='ltr'><strong>sin</strong></span> <span class='ocrx_word' id='word_1_149' title='bbox 1299 1182 1425 1211; x_wconf 90' lang='lat' dir='ltr'><strong>autern</strong></span> 
     </span>
     <span class='ocr_line' id='line_1_19' title="bbox 105 1239 1425 1293; baseline -0.004 -11"><span class='ocrx_word' id='word_1_150' title='bbox 105 1245 144 1282; x_wconf 88' lang='lat' dir='ltr'><strong>id</strong></span> <span class='ocrx_word' id='word_1_151' title='bbox 173 1256 253 1282; x_wconf 89' lang='lat' dir='ltr'><strong>non</strong></span> <span class='ocrx_word' id='word_1_152' title='bbox 281 1243 498 1293; x_wconf 76' lang='lat' dir='ltr'><strong>perspicies,</strong></span> <span class='ocrx_word' id='word_1_153' title='bbox 519 1243 665 1280; x_wconf 90' lang='lat' dir='ltr'><strong>nullum</strong></span> <span class='ocrx_word' id='word_1_154' title='bbox 694 1253 816 1291; x_wconf 83' lang='lat' dir='ltr'><strong>genus</strong></span> <span class='ocrx_word' id='word_1_155' title='bbox 846 1241 915 1278; x_wconf 89' lang='lat' dir='ltr'><strong>erit</strong></span> <span class='ocrx_word' id='word_1_156' title='bbox 943 1240 982 1277; x_wconf 91' lang='lat' dir='ltr'><strong>in</strong></span> <span class='ocrx_word' id='word_1_157' title='bbox 1012 1239 1262 1277; x_wconf 87' lang='lat' dir='ltr'><strong>familiaritate</strong></span> <span class='ocrx_word' id='word_1_158' title='bbox 1289 1252 1425 1278; x_wconf 86' lang='lat' dir='ltr'><strong>caven-</strong></span> 
     </span>
     <span class='ocr_line' id='line_1_20' title="bbox 107 1305 1426 1357; baseline -0.002 -11"><span class='ocrx_word' id='word_1_159' title='bbox 107 1309 198 1347; x_wconf 92' lang='lat' dir='ltr'><strong>dum</strong></span> <span class='ocrx_word' id='word_1_160' title='bbox 223 1309 358 1357; x_wconf 86' lang='lat' dir='ltr'><strong>magis,</strong></span> <span class='ocrx_word' id='word_1_161' title='bbox 379 1315 581 1357; x_wconf 86' lang='lat' dir='ltr'><strong>propterea</strong></span> <span class='ocrx_word' id='word_1_162' title='bbox 608 1307 713 1356; x_wconf 91' lang='lat' dir='ltr'><strong>quod</strong></span> <span class='ocrx_word' id='word_1_163' title='bbox 740 1312 777 1343; x_wconf 88' lang='lat' dir='ltr'><strong>et</strong></span> <span class='ocrx_word' id='word_1_164' title='bbox 800 1317 937 1343; x_wconf 87' lang='lat' dir='ltr'><strong>omnes</strong></span> <span class='ocrx_word' id='word_1_165' title='bbox 960 1305 1040 1342; x_wconf 89' lang='lat' dir='ltr'><strong>vias</strong></span> <span class='ocrx_word' id='word_1_166' title='bbox 1069 1305 1255 1354; x_wconf 86' lang='lat' dir='ltr'><strong>pecuniae</strong></span> <span class='ocrx_word' id='word_1_167' title='bbox 1285 1312 1426 1343; x_wconf 88' lang='lat' dir='ltr'><strong>norunt</strong></span> 
     </span>
     <span class='ocr_line' id='line_1_21' title="bbox 106 1370 1424 1422; baseline -0.002 -11"><span class='ocrx_word' id='word_1_168' title='bbox 106 1382 143 1411; x_wconf 91' lang='lat' dir='ltr'><strong>et</strong></span> <span class='ocrx_word' id='word_1_169' title='bbox 164 1374 295 1411; x_wconf 88' lang='lat' dir='ltr'><strong>omnia</strong></span> <span class='ocrx_word' id='word_1_170' title='bbox 321 1373 505 1422; x_wconf 87' lang='lat' dir='ltr'><strong>pecuniae</strong></span> <span class='ocrx_word' id='word_1_171' title='bbox 527 1383 642 1409; x_wconf 85' lang='lat' dir='ltr'><strong>causa</strong></span> <span class='ocrx_word' id='word_1_172' title='bbox 661 1371 804 1408; x_wconf 82' lang='lat' dir='ltr'><strong>faciunt</strong></span> <span class='ocrx_word' id='word_1_173' title='bbox 830 1376 877 1415; x_wconf 87' lang='lat' dir='ltr'><strong>et,</strong></span> <span class='ocrx_word' id='word_1_174' title='bbox 898 1370 1054 1419; x_wconf 85' lang='lat' dir='ltr'><strong>quicum</strong></span> <span class='ocrx_word' id='word_1_175' title='bbox 1074 1370 1205 1407; x_wconf 86' lang='lat' dir='ltr'><strong>victuri</strong></span> <span class='ocrx_word' id='word_1_176' title='bbox 1226 1382 1305 1407; x_wconf 89' lang='lat' dir='ltr'><strong>non</strong></span> <span class='ocrx_word' id='word_1_177' title='bbox 1326 1377 1424 1415; x_wconf 89' lang='lat' dir='ltr'><strong>sunt,</strong></span> 
     </span>
     <span class='ocr_line' id='line_1_22' title="bbox 106 1434 1426 1484; baseline -0.002 -8"><span class='ocrx_word' id='word_1_178' title='bbox 106 1439 186 1476; x_wconf 83' lang='lat' dir='ltr'><strong>eius</strong></span> <span class='ocrx_word' id='word_1_179' title='bbox 224 1438 493 1476; x_wconf 81' lang='lat' dir='ltr'><strong>existimationi</strong></span> <span class='ocrx_word' id='word_1_180' title='bbox 532 1436 729 1474; x_wconf 85' lang='lat' dir='ltr'><strong>consulere</strong></span> <span class='ocrx_word' id='word_1_181' title='bbox 767 1447 846 1472; x_wconf 90' lang='lat' dir='ltr'><strong>non</strong></span> <span class='ocrx_word' id='word_1_182' title='bbox 885 1441 1027 1472; x_wconf 81' lang='lat' dir='ltr'><strong>curant.</strong></span> <span class='ocrx_word' id='word_1_183' title='bbox 1085 1434 1215 1484; x_wconf 88' lang='lat' dir='ltr'><strong>Atque</strong></span> <span class='ocrx_word' id='word_1_184' title='bbox 1253 1435 1366 1472; x_wconf 91' lang='lat' dir='ltr'><strong>etiam</strong></span> <span class='ocrx_word' id='word_1_185' title='bbox 1404 1447 1426 1473; x_wconf 90' lang='lat' dir='ltr'><strong>e</strong></span> 
     </span>
     <span class='ocr_line' id='line_1_23' title="bbox 106 1498 1424 1552; baseline -0.002 -11"><span class='ocrx_word' id='word_1_186' title='bbox 106 1503 265 1541; x_wconf 89' lang='lat' dir='ltr'><strong>Graecis</strong></span> <span class='ocrx_word' id='word_1_187' title='bbox 284 1503 376 1552; x_wconf 89' lang='lat' dir='ltr'><strong>ipsis</strong></span> <span class='ocrx_word' id='word_1_188' title='bbox 398 1503 596 1552; x_wconf 90' lang='lat' dir='ltr'><strong>diligenter</strong></span> <span class='ocrx_word' id='word_1_189' title='bbox 616 1500 807 1539; x_wconf 85' lang='lat' dir='ltr'><strong>cavendae</strong></span> <span class='ocrx_word' id='word_1_190' title='bbox 830 1506 916 1537; x_wconf 87' lang='lat' dir='ltr'><strong>sunt</strong></span> <span class='ocrx_word' id='word_1_191' title='bbox 936 1499 1127 1548; x_wconf 86' lang='lat' dir='ltr'><strong>quaedam</strong></span> <span class='ocrx_word' id='word_1_192' title='bbox 1154 1498 1424 1538; x_wconf 86' lang='lat' dir='ltr'><strong>familiaritates</strong></span> 
     </span>
     <span class='ocr_line' id='line_1_24' title="bbox 105 1563 1426 1619; baseline -0.003 -13"><span class='ocrx_word' id='word_1_193' title='bbox 105 1575 255 1619; x_wconf 88' lang='lat' dir='ltr'><strong>praeter</strong></span> <span class='ocrx_word' id='word_1_194' title='bbox 282 1567 482 1605; x_wconf 89' lang='lat' dir='ltr'><strong>hominum</strong></span> <span class='ocrx_word' id='word_1_195' title='bbox 514 1577 805 1616; x_wconf 83' lang='lat' dir='ltr'><strong>perpaucorum,</strong></span> <span class='ocrx_word' id='word_1_196' title='bbox 835 1564 865 1601; x_wconf 93' lang='lat' dir='ltr'><strong>si</strong></span> <span class='ocrx_word' id='word_1_197' title='bbox 895 1564 958 1613; x_wconf 90' lang='lat' dir='ltr'><strong>qui</strong></span> <span class='ocrx_word' id='word_1_198' title='bbox 988 1570 1076 1601; x_wconf 88' lang='lat' dir='ltr'><strong>sunt</strong></span> <span class='ocrx_word' id='word_1_199' title='bbox 1108 1570 1232 1601; x_wconf 89' lang='lat' dir='ltr'><strong>vetere</strong></span> <span class='ocrx_word' id='word_1_200' title='bbox 1263 1563 1426 1602; x_wconf 88' lang='lat' dir='ltr'><strong>Graecia</strong></span> 
     </span>
     <span class='ocr_line' id='line_1_25' title="bbox 107 1628 1427 1682; baseline -0.004 -11"><span class='ocrx_word' id='word_1_201' title='bbox 107 1633 223 1682; x_wconf 90' lang='lat' dir='ltr'><strong>digni.</strong></span> <span class='ocrx_word' id='word_1_202' title='bbox 283 1632 346 1670; x_wconf 88' lang='lat' dir='ltr'><strong>Sic</strong></span> <span class='ocrx_word' id='word_1_203' title='bbox 371 1643 461 1669; x_wconf 88' lang='lat' dir='ltr'><strong>vero</strong></span> <span class='ocrx_word' id='word_1_204' title='bbox 488 1631 641 1668; x_wconf 88' lang='lat' dir='ltr'><strong>fallaces</strong></span> <span class='ocrx_word' id='word_1_205' title='bbox 670 1636 757 1668; x_wconf 87' lang='lat' dir='ltr'><strong>sunt</strong></span> <span class='ocrx_word' id='word_1_206' title='bbox 786 1629 962 1678; x_wconf 91' lang='lat' dir='ltr'><strong>permulti</strong></span> <span class='ocrx_word' id='word_1_207' title='bbox 991 1635 1029 1665; x_wconf 87' lang='lat' dir='ltr'><strong>et</strong></span> <span class='ocrx_word' id='word_1_208' title='bbox 1057 1628 1158 1666; x_wconf 88' lang='lat' dir='ltr'><strong>leves</strong></span> <span class='ocrx_word' id='word_1_209' title='bbox 1187 1636 1225 1666; x_wconf 89' lang='lat' dir='ltr'><strong>et</strong></span> <span class='ocrx_word' id='word_1_210' title='bbox 1251 1629 1427 1667; x_wconf 85' lang='lat' dir='ltr'><strong>diuturna</strong></span> 
     </span>
     <span class='ocr_line' id='line_1_26' title="bbox 107 1692 1426 1743; baseline -0.003 -8"><span class='ocrx_word' id='word_1_211' title='bbox 107 1699 282 1735; x_wconf 90' lang='lat' dir='ltr'><strong>servitute</strong></span> <span class='ocrx_word' id='word_1_212' title='bbox 312 1697 361 1734; x_wconf 86' lang='lat' dir='ltr'><strong>ad</strong></span> <span class='ocrx_word' id='word_1_213' title='bbox 391 1697 547 1733; x_wconf 89' lang='lat' dir='ltr'><strong>nimiam</strong></span> <span class='ocrx_word' id='word_1_214' title='bbox 574 1695 878 1733; x_wconf 86' lang='lat' dir='ltr'><strong>adsentationem</strong></span> <span class='ocrx_word' id='word_1_215' title='bbox 905 1693 1049 1731; x_wconf 89' lang='lat' dir='ltr'><strong>eruditi.</strong></span> <span class='ocrx_word' id='word_1_216' title='bbox 1108 1692 1219 1739; x_wconf 89' lang='lat' dir='ltr'><strong>Quos</strong></span> <span class='ocrx_word' id='word_1_217' title='bbox 1239 1706 1313 1743; x_wconf 90' lang='lat' dir='ltr'><strong>ego</strong></span> <span class='ocrx_word' id='word_1_218' title='bbox 1342 1694 1426 1731; x_wconf 91' lang='lat' dir='ltr'><strong>uni-</strong></span> 
     </span>
     <span class='ocr_line' id='line_1_27' title="bbox 106 1759 1427 1809; baseline -0.004 -8"><span class='ocrx_word' id='word_1_219' title='bbox 106 1776 236 1801; x_wconf 87' lang='lat' dir='ltr'><strong>versos</strong></span> <span class='ocrx_word' id='word_1_220' title='bbox 265 1763 435 1800; x_wconf 86' lang='lat' dir='ltr'><strong>adhiberi</strong></span> <span class='ocrx_word' id='word_1_221' title='bbox 465 1761 675 1806; x_wconf 87' lang='lat' dir='ltr'><strong>liberaliter,</strong></span> <span class='ocrx_word' id='word_1_222' title='bbox 705 1761 894 1809; x_wconf 86' lang='lat' dir='ltr'><strong>optimum</strong></span> <span class='ocrx_word' id='word_1_223' title='bbox 924 1770 1114 1808; x_wconf 91' lang='lat' dir='ltr'><strong>quemque</strong></span> <span class='ocrx_word' id='word_1_224' title='bbox 1142 1759 1309 1808; x_wconf 86' lang='lat' dir='ltr'><strong>hospitio</strong></span> <span class='ocrx_word' id='word_1_225' title='bbox 1333 1760 1427 1796; x_wconf 92' lang='lat' dir='ltr'><strong>ami-</strong></span> 
     </span>
     <span class='ocr_line' id='line_1_28' title="bbox 108 1823 1426 1877; baseline -0.002 -12"><span class='ocrx_word' id='word_1_226' title='bbox 108 1829 269 1877; x_wconf 88' lang='lat' dir='ltr'><strong>citiaque</strong></span> <span class='ocrx_word' id='word_1_227' title='bbox 290 1827 473 1875; x_wconf 87' lang='lat' dir='ltr'><strong>coniungi</strong></span> <span class='ocrx_word' id='word_1_228' title='bbox 494 1826 580 1863; x_wconf 88' lang='lat' dir='ltr'><strong>dico</strong></span> <span class='ocrx_word' id='word_1_229' title='bbox 599 1832 799 1874; x_wconf 85' lang='lat' dir='ltr'><strong>oportere:</strong></span> <span class='ocrx_word' id='word_1_230' title='bbox 830 1824 968 1860; x_wconf 87' lang='lat' dir='ltr'><strong>nimiae</strong></span> <span class='ocrx_word' id='word_1_231' title='bbox 996 1823 1269 1862; x_wconf 87' lang='lat' dir='ltr'><strong>familiaritates</strong></span> <span class='ocrx_word' id='word_1_232' title='bbox 1292 1837 1426 1862; x_wconf 90' lang='lat' dir='ltr'><strong>eorum</strong></span> 
     </span>
     <span class='ocr_line' id='line_1_29' title="bbox 108 1888 1426 1941; baseline -0.003 -11"><span class='ocrx_word' id='word_1_233' title='bbox 108 1905 234 1941; x_wconf 91' lang='lat' dir='ltr'><strong>neque</strong></span> <span class='ocrx_word' id='word_1_234' title='bbox 263 1899 342 1929; x_wconf 90' lang='lat' dir='ltr'><strong>tam</strong></span> <span class='ocrx_word' id='word_1_235' title='bbox 371 1891 501 1928; x_wconf 84' lang='lat' dir='ltr'><strong>fideles</strong></span> <span class='ocrx_word' id='word_1_236' title='bbox 531 1897 618 1927; x_wconf 86' lang='lat' dir='ltr'><strong>sunt</strong></span> <span class='ocrx_word' id='word_1_237' title='bbox 644 1891 741 1937; x_wconf 90' lang='lat' dir='ltr'><strong>(non</strong></span> <span class='ocrx_word' id='word_1_238' title='bbox 766 1889 867 1926; x_wconf 91' lang='lat' dir='ltr'><strong>enim</strong></span> <span class='ocrx_word' id='word_1_239' title='bbox 897 1888 1037 1925; x_wconf 91' lang='lat' dir='ltr'><strong>audent</strong></span> <span class='ocrx_word' id='word_1_240' title='bbox 1067 1889 1257 1926; x_wconf 88' lang='lat' dir='ltr'><strong>adversari</strong></span> <span class='ocrx_word' id='word_1_241' title='bbox 1285 1890 1426 1927; x_wconf 90' lang='lat' dir='ltr'><strong>nostris</strong></span> 
     </span>
     <span class='ocr_line' id='line_1_30' title="bbox 109 1953 1426 2003; baseline -0.002 -10"><span class='ocrx_word' id='word_1_242' title='bbox 109 1956 383 2003; x_wconf 86' lang='lat' dir='ltr'><strong>voluntatibus)</strong></span> <span class='ocrx_word' id='word_1_243' title='bbox 415 1962 453 1993; x_wconf 90' lang='lat' dir='ltr'><strong>et</strong></span> <span class='ocrx_word' id='word_1_244' title='bbox 485 1954 653 1992; x_wconf 89' lang='lat' dir='ltr'><strong>invident</strong></span> <span class='ocrx_word' id='word_1_245' title='bbox 686 1966 767 1991; x_wconf 91' lang='lat' dir='ltr'><strong>non</strong></span> <span class='ocrx_word' id='word_1_246' title='bbox 800 1953 938 1991; x_wconf 89' lang='lat' dir='ltr'><strong>nostris</strong></span> <span class='ocrx_word' id='word_1_247' title='bbox 973 1953 1107 1999; x_wconf 90' lang='lat' dir='ltr'><strong>solum,</strong></span> <span class='ocrx_word' id='word_1_248' title='bbox 1143 1964 1275 1991; x_wconf 91' lang='lat' dir='ltr'><strong>verum</strong></span> <span class='ocrx_word' id='word_1_249' title='bbox 1312 1954 1426 1991; x_wconf 90' lang='lat' dir='ltr'><strong>etiam</strong></span> 
     </span>
     <span class='ocr_line' id='line_1_31' title="bbox 110 2022 198 2062; baseline -0.023 0"><span class='ocrx_word' id='word_1_250' title='bbox 110 2022 198 2062; x_wconf 86' lang='lat' dir='ltr'><strong>suis.</strong></span> 
     </span>
    </p>

    <p class='ocr_par' dir='ltr' id='par_1_6' title="bbox 110 2084 1426 2265">
     <span class='ocr_line' id='line_1_32' title="bbox 164 2084 1426 2135; baseline -0.002 -11"><span class='ocrx_word' id='word_1_251' title='bbox 164 2089 199 2124; x_wconf 94' lang='lat'><strong>6.</strong></span> <span class='ocrx_word' id='word_1_252' title='bbox 228 2087 312 2125; x_wconf 89' lang='lat' dir='ltr'><strong>Iam</strong></span> <span class='ocrx_word' id='word_1_253' title='bbox 332 2086 397 2135; x_wconf 88' lang='lat' dir='ltr'><strong>qui</strong></span> <span class='ocrx_word' id='word_1_254' title='bbox 427 2086 465 2123; x_wconf 90' lang='lat' dir='ltr'><strong>in</strong></span> <span class='ocrx_word' id='word_1_255' title='bbox 491 2085 679 2123; x_wconf 88' lang='lat' dir='ltr'><strong>eiusmodi</strong></span> <span class='ocrx_word' id='word_1_256' title='bbox 703 2085 828 2125; x_wconf 88' lang='lat' dir='ltr'><strong>rebus,</strong></span> <span class='ocrx_word' id='word_1_257' title='bbox 849 2084 888 2122; x_wconf 90' lang='lat' dir='ltr'><strong>in</strong></span> <span class='ocrx_word' id='word_1_258' title='bbox 917 2084 1053 2133; x_wconf 86' lang='lat' dir='ltr'><strong>quibus</strong></span> <span class='ocrx_word' id='word_1_259' title='bbox 1079 2096 1209 2122; x_wconf 88' lang='lat' dir='ltr'><strong>vereor</strong></span> <span class='ocrx_word' id='word_1_260' title='bbox 1235 2084 1349 2122; x_wconf 89' lang='lat' dir='ltr'><strong>etiam</strong></span> <span class='ocrx_word' id='word_1_261' title='bbox 1376 2096 1426 2122; x_wconf 89' lang='lat' dir='ltr'><strong>ne</strong></span> 
     </span>
     <span class='ocr_line' id='line_1_33' title="bbox 110 2149 1426 2198; baseline -0.003 -8"><span class='ocrx_word' id='word_1_262' title='bbox 110 2152 238 2190; x_wconf 90' lang='lat' dir='ltr'><strong>durior</strong></span> <span class='ocrx_word' id='word_1_263' title='bbox 267 2151 348 2197; x_wconf 86' lang='lat' dir='ltr'><strong>sim,</strong></span> <span class='ocrx_word' id='word_1_264' title='bbox 371 2157 503 2188; x_wconf 89' lang='lat' dir='ltr'><strong>cautus</strong></span> <span class='ocrx_word' id='word_1_265' title='bbox 530 2163 614 2188; x_wconf 86' lang='lat' dir='ltr'><strong>esse</strong></span> <span class='ocrx_word' id='word_1_266' title='bbox 643 2150 754 2188; x_wconf 89' lang='lat' dir='ltr'><strong>velim</strong></span> <span class='ocrx_word' id='word_1_267' title='bbox 780 2161 825 2187; x_wconf 90' lang='lat' dir='ltr'><strong>ac</strong></span> <span class='ocrx_word' id='word_1_268' title='bbox 855 2149 1026 2197; x_wconf 88' lang='lat' dir='ltr'><strong>diligens,</strong></span> <span class='ocrx_word' id='word_1_269' title='bbox 1048 2162 1126 2198; x_wconf 92' lang='lat' dir='ltr'><strong>quo</strong></span> <span class='ocrx_word' id='word_1_270' title='bbox 1154 2162 1216 2187; x_wconf 92' lang='lat' dir='ltr'><strong>me</strong></span> <span class='ocrx_word' id='word_1_271' title='bbox 1237 2150 1365 2187; x_wconf 91' lang='lat' dir='ltr'><strong>animo</strong></span> <span class='ocrx_word' id='word_1_272' title='bbox 1386 2150 1426 2187; x_wconf 90' lang='lat' dir='ltr'><strong>in</strong></span> 
     </span>
     <span class='ocr_line' id='line_1_34' title="bbox 111 2214 1426 2265; baseline -0.003 -10"><span class='ocrx_word' id='word_1_273' title='bbox 111 2217 226 2255; x_wconf 91' lang='lat' dir='ltr'><strong>servis</strong></span> <span class='ocrx_word' id='word_1_274' title='bbox 255 2227 340 2254; x_wconf 88' lang='lat' dir='ltr'><strong>esse</strong></span> <span class='ocrx_word' id='word_1_275' title='bbox 369 2217 528 2253; x_wconf 86' lang='lat' dir='ltr'><strong>censes?</strong></span> <span class='ocrx_word' id='word_1_276' title='bbox 559 2227 656 2265; x_wconf 90' lang='lat' dir='ltr'><strong>quos</strong></span> <span class='ocrx_word' id='word_1_277' title='bbox 695 2214 849 2264; x_wconf 90' lang='lat' dir='ltr'><strong>quidem</strong></span> <span class='ocrx_word' id='word_1_278' title='bbox 887 2226 1006 2263; x_wconf 90' lang='lat' dir='ltr'><strong>quum</strong></span> <span class='ocrx_word' id='word_1_279' title='bbox 1044 2215 1222 2252; x_wconf 90' lang='lat' dir='ltr'><strong>omnibus</strong></span> <span class='ocrx_word' id='word_1_280' title='bbox 1259 2214 1299 2251; x_wconf 91' lang='lat' dir='ltr'><strong>in</strong></span> <span class='ocrx_word' id='word_1_281' title='bbox 1332 2215 1426 2252; x_wconf 92' lang='lat' dir='ltr'><strong>locis</strong></span> 
     </span>
    </p>
   </div>
   <div class='ocr_carea' id='block_1_6' title="bbox 1448 979 1506 1019">
    <p class='ocr_par' dir='ltr' id='par_1_7' title="bbox 1448 979 1506 1019">
     <span class='ocr_line' id='line_1_35' title="bbox 1448 979 1506 1019; baseline 0 -9"><span class='ocrx_word' id='word_1_282' title='bbox 1448 979 1506 1019; x_wconf 82' lang='lat'><strong>165</strong></span> 
     </span>
    </p>
   </div>
   <div class='ocr_carea' id='block_1_7' title="bbox 1448 1316 1507 1349">
    <p class='ocr_par' dir='ltr' id='par_1_8' title="bbox 1448 1316 1507 1349">
     <span class='ocr_line' id='line_1_36' title="bbox 1448 1316 1507 1349; baseline -0.017 -9"><span class='ocrx_word' id='word_1_283' title='bbox 1448 1316 1507 1349; x_wconf 87' lang='lat'><strong>170</strong></span> 
     </span>
    </p>
   </div>
   <div class='ocr_carea' id='block_1_8' title="bbox 1449 1962 1506 1993">
    <p class='ocr_par' dir='ltr' id='par_1_9' title="bbox 1449 1962 1506 1993">
     <span class='ocr_line' id='line_1_37' title="bbox 1449 1962 1506 1993; baseline 0.018 -1"><span class='ocrx_word' id='word_1_284' title='bbox 1449 1962 1506 1993; x_wconf 84' lang='lat'><strong>180</strong></span> 
     </span>
    </p>
   </div>
   <div class='ocr_carea' id='block_1_9' title="bbox 110 2279 1504 2331">
    <p class='ocr_par' dir='ltr' id='par_1_10' title="bbox 110 2279 1504 2331">
     <span class='ocr_line' id='line_1_38' title="bbox 110 2279 1504 2331; baseline -0.004 -12"><span class='ocrx_word' id='word_1_285' title='bbox 110 2289 191 2319; x_wconf 91' lang='lat' dir='ltr'><strong>tum</strong></span> <span class='ocrx_word' id='word_1_286' title='bbox 211 2282 415 2331; x_wconf 88' lang='lat' dir='ltr'><strong>praecipue</strong></span> <span class='ocrx_word' id='word_1_287' title='bbox 436 2282 473 2318; x_wconf 88' lang='lat' dir='ltr'><strong>in</strong></span> <span class='ocrx_word' id='word_1_288' title='bbox 494 2280 698 2330; x_wconf 84' lang='lat' dir='ltr'><strong>provinciis</strong></span> <span class='ocrx_word' id='word_1_289' title='bbox 718 2292 848 2328; x_wconf 88' lang='lat' dir='ltr'><strong>regere</strong></span> <span class='ocrx_word' id='word_1_290' title='bbox 865 2279 1060 2317; x_wconf 86' lang='lat' dir='ltr'><strong>debemus.</strong></span> <span class='ocrx_word' id='word_1_291' title='bbox 1110 2279 1201 2325; x_wconf 90' lang='lat' dir='ltr'><strong>Quo</strong></span> <span class='ocrx_word' id='word_1_292' title='bbox 1222 2279 1269 2316; x_wconf 93' lang='lat' dir='ltr'><strong>de</strong></span> <span class='ocrx_word' id='word_1_293' title='bbox 1285 2291 1425 2328; x_wconf 90' lang='lat' dir='ltr'><strong>genere</strong></span> <span class='ocrx_word' id='word_1_294' title='bbox 1447 2283 1504 2323; x_wconf 87' lang='lat'><strong>¹85</strong></span> 
     </span>
    </p>
   </div>
   <div class='ocr_carea' id='block_1_10' title="bbox 110 2343 1426 2396">
    <p class='ocr_par' dir='ltr' id='par_1_11' title="bbox 110 2343 1426 2396">
     <span class='ocr_line' id='line_1_39' title="bbox 110 2343 1426 2396; baseline -0.001 -13"><span class='ocrx_word' id='word_1_295' title='bbox 110 2346 229 2383; x_wconf 90' lang='lat' dir='ltr'><strong>multa</strong></span> <span class='ocrx_word' id='word_1_296' title='bbox 251 2346 420 2395; x_wconf 88' lang='lat' dir='ltr'><strong>praecipi</strong></span> <span class='ocrx_word' id='word_1_297' title='bbox 446 2352 618 2396; x_wconf 86' lang='lat' dir='ltr'><strong>possunt,</strong></span> <span class='ocrx_word' id='word_1_298' title='bbox 639 2343 706 2383; x_wconf 91' lang='lat' dir='ltr'><strong>sed</strong></span> <span class='ocrx_word' id='word_1_299' title='bbox 735 2344 808 2381; x_wconf 91' lang='lat' dir='ltr'><strong>hoc</strong></span> <span class='ocrx_word' id='word_1_300' title='bbox 835 2351 871 2382; x_wconf 91' lang='lat' dir='ltr'><strong>et</strong></span> <span class='ocrx_word' id='word_1_301' title='bbox 899 2344 1164 2382; x_wconf 88' lang='lat' dir='ltr'><strong>brevissimum</strong></span> <span class='ocrx_word' id='word_1_302' title='bbox 1185 2349 1242 2382; x_wconf 85' lang='lat' dir='ltr'><strong>est</strong></span> <span class='ocrx_word' id='word_1_303' title='bbox 1267 2351 1305 2381; x_wconf 93' lang='lat' dir='ltr'><strong>et</strong></span> <span class='ocrx_word' id='word_1_304' title='bbox 1323 2343 1426 2382; x_wconf 90' lang='lat' dir='ltr'><strong>facil-</strong></span> 
     </span>
    </p>
   </div>
  </div>
 </body>
</html>
