1587 2533
126 106 239 143 11.13.
355 93 528 134 ROME'S
557 102 682 133 RULE
714 101 772 132 oF
801 101 895 131 HER
927 101 1205 131 PROVINCES.
1365 93 1442 134 261

125 203 311 241 cherrima
330 208 368 240 et
395 202 604 252 perampla.
662 200 738 238 His
763 199 1006 249 pulchritudo
1033 199 1214 248 periculo,
1236 199 1447 248 amplitudo

125 267 234 305 saluti
253 267 333 314 fuit,
354 268 460 318 quod
480 279 612 304 eorum
635 265 831 303 demolitio
853 272 966 314 atque
987 265 1196 314 asportatio
1217 265 1447 313 perdifficilis

65 337 105 378 65
125 334 331 371 videbatur.
390 333 597 370 Insistebat
626 332 665 368 in
704 343 822 368 manu
858 330 1009 368 Cereris
1039 330 1173 367 dextra
1202 330 1447 367 simulacrum

123 398 378 448 pulcherrime
405 397 549 436 factum
569 396 785 434 Victoriae:
816 396 892 433 hoc
912 396 982 433 iste
1003 407 1024 432 e
1045 395 1157 444 signo
1179 394 1327 433 Cereris
1348 395 1446 432 avel-

123 463 281 501 lendum
301 462 655 513 asportandumque
675 461 827 499 curavit.

179 542 214 578 3.
246 528 324 576 Qui
349 528 506 565 tandem
528 527 632 565 istius
653 527 803 564 animus
823 532 879 564 est
895 539 997 564 nunc
1018 527 1057 563 in
1077 526 1343 576 recognitione
1365 538 1446 564 sce-

124 595 245 632 lerum
275 604 443 640 suorum,
473 605 593 642 quum
622 604 696 641 ego
734 592 816 641 ipse
846 592 884 628 in
914 592 1284 630 commemoratione
1313 603 1447 629 eorum

66 670 106 705 70
125 671 205 697 non
243 659 369 697 solum
407 659 536 696 animo
567 669 822 703 commovear,
853 669 984 694 verum
1019 658 1133 695 etiam
1162 670 1324 707 corpore
1361 670 1447 707 per-

123 725 368 762 horrescam?
424 724 541 761 Venit
570 723 674 760 enim
703 722 797 759 mihi
827 722 915 768 fani,
945 723 1031 768 loci,
1061 723 1253 772 religionis
1282 723 1378 761 illius
1408 724 1447 760 in

123 796 319 827 mentem:
353 796 549 826 versantur
577 794 665 824 ante
696 787 831 824 oculos
861 788 1020 825 omnia:
1052 787 1133 825 dies
1163 788 1234 834 ille,
1265 800 1342 837 quo
1373 800 1446 838 ego

125 854 310 892 Hennam
339 866 458 904 quum
495 853 697 898 venissem,
727 859 880 901 praesto
917 852 1009 889 mihi
1049 853 1267 890 sacerdotes
1297 853 1447 892 Cereris

125 932 213 957 cum
233 919 358 956 infulis
370 931 414 957 ac
433 919 608 956 verbenis
628 917 780 955 fuerunt
798 932 805 954 :
837 918 975 955 concio
992 925 1280 968 conventusque
1297 919 1447 966 civium,

67 994 105 1028 75
125 986 164 1022 in
192 996 270 1034 quo
299 996 373 1033 ego
403 996 522 1033 quum
550 983 736 1032 loquerer,
759 983 852 1020 tanti
883 983 993 1020 fletus
1022 984 1265 1033 gemitusque
1295 983 1447 1028 fiebant,

124 1057 166 1088 ut
194 1050 460 1088 acerbissimus
488 1055 568 1087 tota
596 1050 689 1086 urbe
710 1049 832 1086 luctus
860 1049 1000 1086 versari
1024 1049 1222 1086 videretur.
1281 1048 1374 1086 Non
1398 1049 1448 1086 illi

127 1116 374 1154 decumarum
401 1115 573 1164 imperia,
604 1126 685 1151 non
719 1115 911 1152 bonorum
942 1115 1188 1164 direptiones,
1210 1126 1290 1152 non
1319 1114 1449 1164 iniqua

127 1181 276 1226 iudicia,
301 1193 382 1218 non
411 1180 756 1229 importunissimas
787 1180 894 1217 istius
925 1179 1111 1226 libidines,
1140 1192 1221 1217 non
1249 1180 1336 1225 vim,
1367 1192 1448 1217 non

127 1246 388 1291 contumelias,
403 1246 540 1295 quibus
556 1244 677 1294 operti
691 1245 943 1294 oppressique
957 1252 1076 1291 erant,
1091 1246 1446 1294 conquerebantur:

68 1314 110 1345 80
129 1311 277 1350 Cereris
306 1323 461 1357 numen,
491 1322 688 1347 sacrorum
717 1316 953 1356 vetustatem,
984 1310 1062 1348 fani
1090 1311 1315 1360 religionem
1344 1312 1450 1350 istius

128 1376 405 1416 sceleratissimi
444 1382 558 1424 atque
588 1375 830 1412 audacissimi
861 1375 1048 1425 supplicio
1077 1376 1221 1425 expiari
1250 1376 1448 1424 volebant;

128 1442 259 1480 omnia
278 1453 319 1479 se
346 1446 471 1478 cetera
500 1440 579 1489 pati
600 1452 644 1477 ac
664 1440 856 1488 negligere
879 1440 1067 1477 dicebant.
1127 1440 1204 1478 Hic
1234 1441 1344 1478 dolor
1372 1448 1452 1479 erat

128 1514 267 1553 tantus,
288 1513 328 1544 ut
347 1506 488 1543 Verres
517 1505 609 1543 alter
639 1505 763 1543 Orcus
793 1506 941 1543 venisse
972 1505 1168 1553 Hennam,
1191 1514 1227 1544 et
1250 1519 1330 1544 non
1357 1507 1451 1545 Pro-

130 1573 320 1623 serpinam
350 1578 578 1622 asportasse,
607 1571 674 1609 sed
702 1572 827 1620 ipsam
857 1572 1067 1620 abripuisse
1097 1571 1279 1609 Cererem
1308 1573 1452 1611 videre-

71 1647 110 1686 85
130 1647 198 1678 tur.
254 1638 409 1676 Etenim
436 1638 527 1675 urbs
557 1637 618 1674 illa
645 1649 726 1674 non
755 1638 846 1674 urbs
875 1637 1031 1683 videtur,
1054 1637 1122 1675 sed
1148 1637 1280 1674 fanum
1302 1638 1451 1676 CereriS

127 1717 236 1743 esse:
266 1704 434 1741 habitare
473 1703 577 1752 apud
607 1715 690 1740 sese
721 1702 901 1740 Cererem
931 1703 1166 1754 Hennenses
1196 1704 1451 1742 arbitrantur:

131 1777 172 1808 ut
215 1769 307 1807 mihi
337 1780 417 1806 non
455 1768 555 1806 cives
589 1768 687 1805 illius
728 1768 897 1813 civitatis,
937 1768 1005 1805 sed
1044 1780 1180 1805 omnes
1220 1769 1451 1816 sacerdotes,

131 1846 267 1873 omnes
287 1833 442 1871 accolae
462 1840 575 1883 atque
595 1833 779 1871 antistites
800 1832 949 1871 Cereris
965 1845 1049 1871 esse
1069 1833 1278 1872 videantur.

427 1993 490 2028 13.
529 1988 666 2027 Verres'
687 1988 884 2026 Robberz'es
907 1993 949 2026 al
970 1987 1163 2037 Syracuse.

192 2107 222 2133 1.
252 2094 377 2132 Unius
397 2095 511 2140 urbis,
533 2095 706 2132 omnium
733 2094 1009 2143 pulcherrimae
1036 2101 1148 2144 atque
1176 2095 1451 2141 ornatissimae,

135 2159 408 2209 Syracusarum
435 2159 688 2208 direptionem
710 2161 1025 2197 commemorabo
1046 2166 1083 2197 et
1110 2160 1149 2196 in
1172 2161 1343 2197 medium
1364 2173 1453 2210 pro-

134 2224 265 2270 feram,
285 2224 452 2262 iudices:
484 2231 525 2261 ut
545 2225 750 2274 aliquando
778 2232 898 2261 totam
925 2225 1035 2262 huius
1065 2226 1216 2274 generis
1238 2226 1453 2263 orationem

134 2289 363 2328 concludam
393 2295 504 2338 atque
534 2289 725 2327 definiam.
783 2289 911 2327 Nemo
951 2290 1027 2328 fere
1056 2297 1222 2328 vestrum
1252 2296 1318 2336 est,
1350 2291 1454 2340 quin,

96 2373 115 2405 5
135 2354 463 2405 quemadmodum
492 2361 627 2404 captae
652 2356 726 2393 sint
754 2367 776 2392 a
803 2354 857 2392 M.
880 2355 1064 2393 Marcello
1096 2355 1317 2406 Syracusae,
1340 2368 1455 2406 saepe
