1587 2533
153 91 183 126 Ι.
391 81 564 122 ROME'S
593 91 716 122 RULE
749 90 806 121 OF
835 91 929 122 HER
961 92 1240 125 PROVINCES.
1397 97 1474 128 211

152 192 376 229 necessariis
403 191 702 242 apparitionibus
730 197 858 229 tecum
888 204 973 230 esse
1002 192 1163 238 voluisti,
1191 192 1256 241 qui
1286 195 1396 242 quasi
1426 207 1473 232 ex

76 270 136 294 120
151 256 310 295 cohorte
339 257 522 306 praetoris
551 256 733 306 appellari
762 256 898 302 solent,
929 256 1066 294 horum
1101 269 1182 295 non
1211 258 1330 295 modo
1360 258 1471 304 facta,

151 321 219 369 sed
247 322 362 359 etiam
391 321 492 360 dicta
521 322 652 359 omnia
680 321 910 370 praestanda
938 322 1049 360 nobis
1080 328 1178 360 sunt.
1239 321 1316 360 Sed
1354 322 1473 361 habes

150 399 217 425 eos
246 393 384 434 tecum,
405 399 503 437 quos
531 387 656 437 possis
682 392 782 424 recte
811 386 992 425 facientes
1019 387 1128 425 facile
1155 388 1323 437 diligere,
1345 390 1473 428 minus

150 453 394 491 consulentes
424 452 694 491 existimationi
724 458 810 489 tuae
838 451 1013 490 facillime
1042 458 1246 491 coe'rcere:
1277 467 1299 492 a
1323 455 1475 505 quibus,

149 519 253 556 rudis
274 530 393 568 quum
413 530 529 564 esses,
551 517 697 555 videtur
715 517 886 567 potuisse
907 524 970 554 tua
990 517 1192 555 liberalitas
1214 518 1360 568 decipi:
1384 532 1475 558 nam

70 593 129 626 125
149 590 190 621 ut
209 584 370 633 quisque
390 590 447 621 est
466 584 521 620 vir
540 583 720 632 optimus,
742 583 793 621 ita
814 583 1031 621 difficillime
1052 596 1136 622 esse
1157 585 1252 623 alios
1273 585 1473 635 improbos

149 650 385 699 suspicatur:
415 661 518 687 nunc
538 660 628 686 vero
654 649 784 686 tertius
812 648 873 686 hic
900 661 1023 686 annus
1051 649 1189 687 habeat
1217 651 1473 700 integritatem

149 714 327 752 eamdem
347 725 463 763 quam
491 713 717 762 superiores,
738 713 948 751 cautiorem
969 714 1082 751 etiam
1110 726 1155 752 ac
1176 714 1469 763 diligentiorem.

150 779 233 817 Sint
261 791 370 817 aures
399 785 496 825 tuae,
517 790 615 828 quae
644 778 684 816 id
713 778 819 827 quod
849 779 1009 816 audiunt
1038 779 1299 817 existimentur
1329 781 1472 827 audire,

147 857 228 882 non
256 845 296 881 in
325 856 420 895 quas
452 844 539 882 ficte
567 850 604 882 et
642 843 815 881 simulate
845 851 1025 893 quaestus
1064 856 1179 881 causa
1208 845 1472 884 insusurretur.

68 920 128 953 130
149 910 203 947 Sit
232 909 367 947 anulus
396 916 482 947 tuus
512 920 593 947 non
622 915 663 947 ut
692 921 756 947 vas
785 909 953 958 aliquod,
981 909 1049 946 sed
1077 916 1274 959 tamquam
1302 911 1385 960 ipse
1412 918 1471 950 tu:

146 988 226 1013 non
255 975 426 1012 minister
455 974 600 1012 alienae
630 973 848 1021 voluntatis,
878 974 948 1012 sed
977 974 1082 1012 testis
1112 980 1210 1012 tuae.
1268 976 1472 1014 Accensus

146 1041 193 1078 sit
221 1052 268 1078 eo
298 1052 471 1086 numero,
491 1052 570 1088 quo
598 1051 687 1077 eum
717 1039 881 1077 maiores
911 1039 1030 1076 nostri
1059 1050 1144 1077 esse
1173 1039 1383 1087 voluerunt,
1406 1042 1472 1090 qui

144 1106 231 1151 hoc,
261 1117 342 1143 non
370 1105 410 1142 in
438 1105 615 1142 beneficii
645 1104 732 1142 loco
761 1104 830 1143 sed
859 1105 898 1141 in
927 1104 1069 1142 laboris
1109 1117 1153 1142 ac
1182 1107 1363 1151 muneris,
1394 1118 1473 1144 non

144 1177 287 1208 temere
316 1170 389 1208 nisi
417 1170 560 1208 libertis
586 1170 663 1208 suis
692 1169 939 1208 deferebant:
969 1171 1108 1219 quibus
1135 1170 1184 1207 illi
1209 1171 1366 1220 quidem
1391 1184 1472 1209 non

64 1250 123 1283 135
143 1236 264 1274 multo
294 1247 404 1273 secus
433 1247 478 1273 ac
503 1236 619 1273 servis
644 1235 894 1285 imperabant.
952 1235 1007 1273 Sit
1033 1235 1142 1273 lictor
1167 1248 1248 1273 non
1277 1248 1379 1281 suae,
1403 1237 1471 1275 sed

143 1308 229 1338 tuae
257 1301 420 1338 lenitatis
449 1301 655 1350 apparitor,
687 1301 909 1350 maioraque
944 1300 1161 1350 praeferant
1190 1301 1316 1339 fasces
1346 1302 1396 1339 illi
1425 1315 1471 1340 ac

141 1379 294 1405 secures
315 1367 506 1416 dignitatis
527 1367 693 1416 insignia
714 1379 831 1416 quam
852 1367 1062 1416 potestatis.
1119 1367 1210 1405 Toti
1234 1368 1399 1418 denique
1422 1369 1470 1406 sit

141 1433 360 1481 provinciae
399 1432 608 1482 cognitum,
640 1432 705 1469 tibi
735 1432 912 1469 omnium
942 1432 1079 1482 quibus
1118 1433 1262 1481 praesis
1293 1432 1465 1478 salutem,

140 1497 290 1544 liberos,
328 1497 484 1544 famam,
524 1497 698 1535 fortunas
736 1509 823 1534 esse
866 1497 1092 1535 carissimas.
1151 1497 1330 1547 Denique
1373 1498 1469 1537 haec

62 1577 123 1609 140
141 1562 273 1612 opinio
299 1563 356 1609 sit,
379 1575 458 1600 non
477 1562 597 1601 modo
625 1563 669 1601 iis
696 1563 760 1612 qui
781 1562 923 1612 aliquid
944 1562 1171 1612 acceperint,
1194 1563 1263 1600 sed
1283 1563 1327 1601 iis
1349 1564 1464 1602 etiam

141 1629 206 1677 qui
226 1628 409 1674 dederint,
430 1634 467 1666 te
486 1628 695 1674 inimicum,
717 1628 747 1665 si
767 1628 805 1666 id
826 1629 1064 1677 cognoveris,
1087 1628 1267 1666 futurum.
1327 1629 1467 1680 Neque

140 1706 229 1732 vero
258 1694 461 1744 quisquam
491 1693 607 1740 dabit,
637 1705 757 1743 quum
786 1694 855 1731 erit
883 1693 958 1732 hoc
987 1701 1243 1744 perspectum,
1274 1694 1368 1731 nihil
1398 1707 1468 1744 per

141 1771 220 1806 eos,
251 1760 316 1809 qui
344 1759 522 1799 simulant
551 1771 592 1797 se
622 1758 725 1809 apud
754 1765 791 1797 te
819 1759 987 1796 multum
1011 1771 1138 1808 posse,
1169 1760 1238 1797 abs
1267 1766 1304 1797 te
1343 1760 1467 1798 solere

139 1825 340 1875 impetrari.
400 1824 484 1863 Nec
512 1831 642 1862 tamen
670 1824 766 1862 haec
793 1825 915 1862 oratio
942 1836 1029 1861 mea
1053 1831 1111 1862 est
1137 1825 1337 1870 eiusmodi,
1359 1832 1400 1863 ut
1427 1832 1463 1863 te

60 1900 119 1935 ¹45
140 1891 178 1928 in
198 1898 284 1929 tuos
305 1896 369 1928 aut
385 1890 522 1928 durum
541 1902 626 1928 esse
646 1890 807 1927 nimium
825 1896 889 1927 aut
909 1889 1167 1939 suspiciosum
1186 1890 1310 1928 velim.
1360 1890 1466 1929 Nam

138 1956 169 1994 si
185 1956 271 2005 quis
290 1961 348 1993 est
373 1966 507 1992 eorum
527 1954 593 2004 qui
619 1955 686 1992 tibi
715 1954 856 1992 biennii
883 1955 1008 2003 spatio
1035 1966 1246 2004 numquam
1271 1955 1312 1993 in
1339 1957 1463 2006 suspi-

137 2022 290 2059 cionem
315 2020 492 2058 avaritiae
518 2020 672 2066 venerit,
691 2026 733 2058 ut
759 2031 834 2069 ego
862 2019 1042 2057 Caesium
1072 2025 1110 2058 et
1136 2020 1398 2072 Chaerippum
1426 2028 1464 2059 et

137 2086 363 2124 Labeonem
382 2091 420 2123 et
439 2085 554 2123 audio
574 2091 622 2131 et,
644 2085 734 2135 quia
754 2085 932 2134 cognovi,
953 2085 1142 2132 existimo,
1163 2085 1254 2123 nihil
1274 2094 1331 2124 est
1354 2088 1461 2136 quod

136 2163 218 2190 non
246 2158 284 2190 et
311 2151 356 2188 iis
385 2156 423 2189 et
451 2151 483 2188 si
509 2150 594 2200 quis
622 2157 680 2189 est
709 2150 803 2188 alius
832 2150 1114 2190 eiusdemmodi
1143 2157 1181 2189 et
1210 2153 1397 2190 committi
1424 2159 1461 2191 et

58 2227 119 2261 150
136 2217 238 2256 credi
266 2216 475 2254 rectissime
503 2222 647 2265 putem.
705 2215 782 2254 Sed
811 2216 843 2254 si
866 2216 951 2265 quis
975 2223 1033 2255 est
1061 2217 1100 2254 in
1128 2229 1207 2267 quo
1231 2217 1308 2254 iam
1337 2218 1460 2255 offen-

136 2283 248 2329 deris,
278 2282 326 2320 de
355 2294 432 2332 quo
461 2281 604 2332 aliquid
632 2283 809 2328 senseris,
830 2281 918 2320 huic
947 2281 1040 2320 nihil
1069 2283 1285 2330 credideris,
1313 2283 1456 2322 nullam

134 2356 283 2401 partem
303 2347 593 2388 existimationis
613 2354 700 2387 tuae
720 2348 970 2388 commiseris.
