1587 2533
156 126 199 157 11.
215 132 248 165 5.
386 114 557 155 ROME'S
585 124 712 154 RULE
744 123 801 154 OF
829 123 923 154 HER
955 124 1235 155 PROVINCES.
1394 128 1472 167 241

152 226 300 265 ratione
328 225 551 263 invenirent.
609 223 726 262 Aliud
747 224 972 270 minitando,
994 225 1096 262 aliud
1117 224 1351 274 pollicendo,
1374 225 1477 263 aliud

151 304 220 342 per
248 303 391 338 servos,
423 289 525 328 aliud
554 302 623 338 per
656 289 807 334 liberos,
838 302 906 338 per
936 290 1104 327 amicum
1133 290 1247 334 aliud,
1277 290 1378 326 aliud
1408 302 1477 339 per

150 356 349 393 inimicum
376 355 631 392 inveniebant.
688 353 888 403 Quidquid
916 354 985 391 illis
1009 355 1212 404 placuerat,
1233 354 1476 403 perdendum

91 435 132 458 20
151 427 241 460 erat.
297 420 403 458 Nihil
436 419 538 457 aliud
570 419 757 468 optabant
779 431 956 467 quorum
990 420 1223 468 poscebatur
1260 426 1475 468 argentum,

150 487 223 524 nisi
242 492 284 524 ut
305 485 469 523 Hieroni
489 492 526 522 et
546 484 778 533 Tlepolemo
801 484 1028 532 displiceret.

207 564 238 590 2.
269 551 417 588 Verum
440 549 660 587 mehercule
689 549 776 594 hoc,
799 549 954 595 iudices,
976 549 1112 586 dicam.
1170 549 1333 587 Memini
1363 550 1476 587 Pam-

147 617 297 667 philum
324 616 629 665 Lilybaetanum,
655 614 849 662 hospitem
876 626 1006 651 meum
1036 621 1072 652 et
1103 615 1282 660 amicum,
1304 616 1475 652 nobilem

148 682 357 727 hominem,
378 680 472 717 mihi
500 692 665 725 narrare,
687 691 807 729 quum
836 679 906 716 iste
936 681 984 716 ab
1016 691 1100 717 sese
1129 680 1316 729 hydriam,
1338 680 1476 717 Boethi

89 764 127 795 ²5
148 759 267 784 manu
295 746 447 791 factam,
476 744 673 794 praeclaro
703 756 821 793 opere
851 751 888 781 et
916 745 1054 793 grandi
1083 745 1265 793 pondere,
1290 758 1359 794 per
1388 752 1476 795 pot-

147 819 308 850 estatem
332 811 560 855 abstulisset,
582 822 623 847 se
654 821 745 847 sane
775 810 921 846 tristem
951 816 988 847 et
1015 811 1284 847 conturbatum
1314 811 1475 848 domum

146 877 354 922 revertisse,
376 875 481 926 quod
505 887 570 912 vas
599 875 801 921 eiusmodi,
823 875 930 924 quod
956 875 1027 912 sibi
1054 888 1076 912 a
1102 882 1208 924 patre
1237 882 1275 913 et
1304 888 1327 913 a
1354 877 1475 913 maio-

146 943 250 980 ribus
279 948 380 979 esset
409 941 593 987 relictum,
615 952 694 990 quo
724 939 856 978 solitus
880 947 980 978 esset
1009 941 1062 978 uti
1092 941 1140 978 ad
1166 941 1284 978 festos
1313 941 1404 986 dies,
1425 941 1476 978 ad

146 1008 342 1057 hospitum
370 1006 590 1052 adventum,
620 1017 643 1043 a
672 1017 712 1042 se
742 1012 844 1042 esset
873 1005 1054 1042 ablatum.
1112 1006 1245 1052 Quum
1284 1006 1473 1051 sederem,

88 1089 128 1119 30
147 1073 279 1122 inquit,
315 1072 421 1110 domi
454 1071 582 1117 tristis,
618 1071 781 1108 accurrit
813 1070 1026 1108 Venerius:
1066 1071 1170 1108 iubet
1203 1084 1266 1108 me
1306 1071 1474 1120 scyphos

148 1138 329 1187 sigillatos
350 1137 399 1174 ad
418 1143 636 1186 praetorem
658 1136 785 1174 statim
805 1136 951 1174 afferre.
998 1135 1201 1174 Permotus
1223 1149 1320 1182 sum,
1337 1137 1474 1186 inquit:

146 1204 260 1241 binos
288 1202 502 1240 habebam:
542 1201 656 1238 iubeo
688 1201 813 1250 promi
842 1207 1038 1251 utrosque,
1069 1214 1118 1239 ne
1147 1202 1240 1251 quid
1269 1202 1355 1251 plus
1384 1202 1475 1238 mali

146 1273 377 1313 nasceretur,
399 1273 436 1305 et
462 1279 616 1304 mecum
644 1267 693 1303 ad
721 1267 907 1315 praetoris
935 1267 1094 1304 domum
1119 1267 1218 1305 ferri.
1274 1267 1333 1304 Eo
1355 1279 1475 1316 quum

147 1335 244 1379 veni,
265 1339 417 1382 praetor
444 1332 687 1381 quiescebat:
718 1331 851 1369 fratres
878 1332 928 1369 illi
951 1331 1151 1381 Cibyratae
1173 1333 1473 1370 inambulabant.

88 1416 127 1447 35
149 1398 238 1445 Qui,
258 1411 321 1436 me
340 1399 406 1435 ubi
432 1398 630 1435 viderunt:
660 1399 670 1416 ‘
685 1396 761 1434 Ubi
789 1404 887 1443 sunt,
910 1396 1133 1446 Pamphile,’
1155 1398 1344 1447 inquiunt,
1367 1401 1376 1416 ‘
1390 1409 1475 1446 scy-

147 1463 254 1514 phi?'
312 1463 490 1502 Ostendo
511 1462 648 1500 triStis:
678 1462 857 1499 laudant:
885 1462 1026 1511 incipio
1043 1463 1150 1512 queri
1171 1475 1233 1500 me
1254 1463 1347 1499 nihil
1367 1462 1476 1499 habi-

146 1536 284 1575 turum,
300 1529 407 1578 quod
427 1529 586 1566 alicuius
608 1535 708 1566 esset
723 1528 845 1577 pretii,
864 1528 894 1565 si
916 1529 1031 1565 etiam
1053 1529 1187 1578 scyphi
1204 1536 1333 1566 essent
1349 1529 1474 1566 ablati.

147 1594 252 1632 Tum
271 1594 331 1640 illi,
353 1593 418 1631 ubi
437 1606 500 1631 me
521 1594 795 1631 conturbatum
819 1593 971 1631 vident:
1004 1594 1132 1640 ‘Quid
1157 1594 1212 1631 vis
1238 1594 1351 1631 nobis
1372 1594 1473 1639 dare,

146 1667 187 1697 ut
220 1660 280 1697 isti
313 1660 381 1697 abs
416 1665 454 1696 te
489 1671 539 1696 ne
578 1658 846 1696 auferantur?'
904 1658 966 1696 Ne
1000 1659 1128 1705 multa,
1166 1659 1383 1696 ‘sestertios
1417 1669 1475 1697 cro

87 1742 129 1774 40
147 1724 233 1771 me‚'
254 1724 385 1774 inquit,
409 1727 717 1774 ‘poposceruntz
748 1724 825 1761 dixi
846 1736 908 1761 me
926 1724 1126 1761 daturum!
1184 1723 1312 1762 Vocat
1331 1724 1477 1762 interea

147 1797 321 1840 praetor:
346 1789 514 1839 scyphos
536 1790 672 1839 poscit.
730 1789 836 1826 Tum
857 1789 940 1826 illos
957 1790 1132 1838 coepisse
1148 1790 1315 1839 praetori
1336 1791 1474 1837 dicere,

147 1862 303 1905 putasse
335 1867 389 1901 se,
418 1855 455 1892 id
487 1855 594 1904 quod
623 1855 830 1900 audissent,
863 1854 1021 1892 alicuius
1052 1856 1163 1903 pretii
1194 1855 1361 1904 scyphos
1391 1869 1475 1894 esse

147 1919 358 1969 Pamphili:
388 1920 531 1958 luteum
556 1922 756 1970 negotium
778 1932 886 1957 esse:
917 1932 998 1957 non
1025 1920 1197 1969 dignum,
1220 1921 1325 1970 quod
1346 1922 1383 1958 in
1404 1934 1475 1960 suo

148 1992 308 2035 argento
329 1985 468 2023 Verres
488 1986 654 2024 haberet.
711 1986 777 2023 Ait
797 1985 867 2031 ille,
886 1985 989 2022 idem
1010 1986 1082 2022 sibi
1102 1986 1227 2024 videri.
1287 1986 1347 2024 Ita
1362 1987 1477 2025 Pam-

89 2072 130 2104 45
149 2051 275 2100 philus
309 2051 475 2100 scyphos
509 2051 677 2100 optimos
712 2051 843 2088 aufert.
901 2050 950 2087 Et
985 2051 1204 2089 mehercule
1239 2064 1313 2101 ego
1349 2060 1471 2099 antea,

149 2117 300 2154 tametsi
318 2116 394 2154 hoc
414 2117 546 2154 nescio
567 2117 660 2166 quid
688 2116 934 2164 nugatorium
961 2116 1131 2153 sciebam
1157 2129 1254 2163 esse,
1276 2118 1347 2154 ista
1367 2119 1477 2156 intel-

149 2182 276 2230 ligere,
306 2187 436 2219 tamen
465 2182 592 2219 mirari
627 2182 809 2226 solebam,
841 2181 956 2218 istum
989 2181 1028 2218 in
1057 2181 1115 2219 his
1144 2182 1236 2231 ipsis
1266 2184 1379 2221 rebus
1409 2184 1476 2221 ali-

151 2258 267 2296 quem
296 2258 452 2284 sensum
481 2246 632 2292 habere,
663 2258 780 2295 quem
808 2246 947 2283 scirem
981 2246 1084 2284 nulla
1117 2247 1157 2284 in
1190 2260 1230 2285 re
1265 2249 1477 2299 quidquam

152 2311 274 2349 simile
294 2311 460 2349 hominis
479 2311 631 2349 habere.

97 2404 138 2436 50
209 2390 245 2427 3.
275 2377 379 2415 Tum
405 2378 571 2428 primum
595 2377 773 2424 intellexi,
797 2378 846 2416 ad
872 2390 957 2415 eam
984 2390 1066 2415 rem
1092 2379 1187 2417 istos
1208 2379 1340 2419 fratres
1361 2380 1476 2431 Ciby-
