1587 2533
182 111 207 142 1.
422 100 592 140 ROME'S
621 109 745 139 RULE
778 109 835 140 OF
864 109 958 139 HER
990 110 1269 141 PROVINCES.
1418 110 1498 155 215

103 223 159 255 255
181 208 296 247 coluit
317 208 388 254 ille,
411 209 475 258 qui
497 209 662 258 privatus
683 208 828 246 futurus
853 222 1064 259 numquam
1085 210 1163 255 fuit,
1186 221 1355 259 quonam
1379 210 1498 247 modo

179 274 379 311 retinenda
406 281 493 312 sunt
519 275 575 320 iis,
596 274 733 323 quibus
754 275 956 323 imperium
983 276 1034 312 ita
1054 275 1185 312 datum
1212 281 1280 318 est,
1302 281 1342 311 ut
1365 275 1498 312 redde-

178 345 273 385 rent,
298 345 335 376 et
363 339 412 376 ab
442 339 485 377 iis
513 339 660 387 legibus
691 339 820 376 datum
842 346 909 384 est,
931 340 979 377 ad
1001 352 1095 389 quas
1122 340 1387 377 revertendum
1417 340 1499 376 est?

179 404 238 441 Ac
265 402 358 440 mihi
387 403 543 452 quidem
571 402 743 439 videntur
773 402 846 440 huc
871 404 1002 440 omnia
1029 416 1112 441 esse
1139 403 1340 441 referenda
1364 404 1407 440 iis
1434 404 1499 453 qui

178 474 358 517 praesunt
387 468 480 514 aliis,
510 474 550 504 ut
579 468 604 504 ii
633 468 698 516 qui
727 474 836 504 erunt
860 468 898 504 in
925 481 1059 505 eorum
1088 469 1248 518 imperio
1279 469 1352 506 sint
1381 481 1499 518 quarn

99 535 160 568 260
177 533 407 570 beatissimi:
455 533 560 582 quod
598 533 664 570 tibi
702 538 739 570 et
777 545 861 570 esse
901 535 1206 583 antiquissimum
1244 541 1281 572 et
1313 535 1361 571 ab
1390 534 1498 572 initio

177 597 306 644 fuisse,
326 604 367 635 ut
393 598 558 647 primum
584 597 718 635 Asiam
746 599 910 647 attigisti,
933 607 1131 636 constante
1158 599 1259 636 fama
1280 606 1394 648 atque
1414 612 1498 637 om-

177 663 284 700 nium
313 675 490 700 sermone
519 663 752 700 celebratum
781 670 848 701 est.
906 664 975 701 Est
999 672 1127 702 autem
1157 677 1237 701 non
1266 665 1386 702 modo
1417 666 1497 703 eius

176 729 241 777 qui
270 728 385 765 sociis
418 734 455 764 et
485 727 640 772 civibus,
671 727 739 764 sed
768 728 883 764 etiam
912 729 1003 774 eius,
1035 730 1100 778 qui
1130 731 1257 775 servis,
1289 730 1354 779 qui
1384 731 1498 768 mutis

175 792 388 841 pecudibus
427 793 578 842 praesit,
618 804 752 829 eorum
790 794 928 842 quibus
968 795 1108 843 praesit
1143 795 1361 833 commodis
1399 796 1496 833 utili-

96 860 155 900 265
175 858 318 906 tatique
339 858 488 895 servire.
548 856 666 894 Cuius
694 858 849 906 quidem
871 860 1023 907 generis
1044 867 1221 897 constare
1243 861 1339 898 inter
1359 873 1497 899 omnes

175 922 285 960 video
326 923 394 960 abs
433 929 469 960 te
509 934 700 960 summam
740 923 912 961 adhiberi
947 925 1208 973 diligentiam:
1252 926 1399 963 nullum
1433 940 1497 965 aes

174 987 342 1024 alienum
380 999 524 1024 novum
556 988 728 1025 contrahi
761 989 984 1035 civitatibus,
1021 996 1146 1027 vetere
1185 997 1313 1028 autem
1352 1004 1496 1041 magno

173 1060 210 1091 et
238 1053 343 1103 gravi
371 1053 511 1091 multas
541 1054 610 1090 abs
637 1060 674 1091 te
700 1066 785 1091 esse
810 1055 1013 1092 liberatas:
1052 1055 1167 1092 urbes
1197 1056 1414 1106 complures
1440 1058 1493 1094 di-

173 1126 275 1156 rutas
297 1130 341 1156 ac
357 1131 481 1168 paene
503 1119 683 1165 desertas,
706 1119 745 1156 in
759 1121 896 1170 quibus
917 1133 1035 1157 unam
1051 1120 1183 1158 Ioniae
1205 1122 1495 1169 nobilissimam,

94 1194 154 1226 270
173 1184 330 1222 alteram
363 1183 510 1230 Cariae,
547 1183 705 1221 Samum
735 1191 772 1222 et
804 1185 1132 1231 Halicarnassum,
1163 1199 1232 1236 per
1260 1193 1296 1225 te
1325 1200 1408 1226 esse
1438 1201 1495 1226 re-

173 1257 341 1287 creatas:
371 1249 494 1287 nullas
515 1261 599 1287 esse
627 1249 666 1286 in
687 1250 842 1299 oppidis
870 1251 1089 1297 seditiones,
1111 1251 1232 1289 nullas
1259 1252 1493 1291 discordias:

169 1314 360 1364 provideri
388 1315 456 1352 abs
486 1320 534 1360 te,
564 1321 606 1352 ut
638 1315 807 1353 civitates
837 1317 1080 1365 optimatium
1111 1318 1279 1356 consiliis
1312 1318 1494 1356 adminis-

170 1386 335 1417 trentur:
375 1380 521 1417 sublata
550 1379 699 1429 Mysiae
729 1381 953 1419 latrocinia:
983 1383 1120 1420 caedes
1154 1383 1281 1420 multis
1311 1383 1404 1421 locis
1434 1396 1491 1421 re-

168 1456 344 1493 pressas:
382 1456 520 1496 pacem
555 1452 636 1482 tota
670 1447 868 1494 provincia
897 1449 1168 1486 constitutam:
1208 1461 1334 1497 neque
1366 1448 1492 1486 solum

90 1518 149 1550 275
169 1510 231 1546 illa
251 1510 428 1547 itinerum
448 1517 563 1559 atque
584 1522 776 1560 agrorum,
798 1511 866 1549 sed
886 1513 1006 1550 multo
1027 1515 1142 1551 etiam
1163 1513 1271 1563 plura
1292 1520 1329 1552 et
1345 1515 1493 1552 maiora

170 1575 404 1625 oppidorum
441 1583 479 1614 et
517 1576 695 1614 fanorum
734 1577 832 1615 furta
869 1584 906 1615 et
944 1579 1142 1618 latrocinia
1180 1592 1264 1618 esse
1309 1580 1492 1629 depulsa:

169 1648 358 1679 remotam
385 1654 407 1680 a
425 1642 528 1681 fama
557 1649 594 1681 et
621 1656 645 1681 a
673 1643 833 1682 fortunis
861 1651 899 1682 et
927 1646 976 1683 ab
1001 1646 1080 1684 otio
1109 1646 1358 1696 locupletium
1390 1648 1492 1686 illam

170 1707 455 1745 acerbissimam
493 1708 706 1746 ministram
745 1716 966 1758 praetorum
1005 1712 1192 1762 avaritiae,
1234 1712 1490 1751 calumniam:

170 1781 345 1821 sumptus
379 1778 417 1810 et
449 1773 588 1811 tributa
621 1774 813 1812 civitatum
847 1776 895 1812 ab
925 1777 1116 1823 omnibus,
1147 1777 1213 1826 qui
1241 1790 1373 1815 earum
1404 1779 1492 1816 civi-

87 1841 151 1872 280
170 1844 290 1875 tatum
320 1838 414 1876 fines
444 1839 625 1885 incolant,
660 1840 810 1877 tolerari
840 1841 1113 1889 aequabiliter:
1163 1842 1368 1881 facillimos
1407 1856 1492 1883 esse

169 1902 293 1940 aditus
321 1903 370 1940 ad
398 1909 463 1941 te:
502 1911 632 1953 patere
662 1917 773 1942 aures
803 1911 887 1942 tuas
918 1907 1082 1955 querelis
1111 1908 1313 1946 omnium:
1353 1909 1492 1948 nullius

168 1968 340 2017 inopiam
366 1980 411 2006 ac
441 1968 686 2007 solitudinem
713 1982 793 2007 non
817 1970 937 2007 modo
965 1971 1030 2008 illo
1058 1972 1234 2022 populari
1257 1986 1416 2012 accessu
1447 1988 1492 2013 ac

169 2032 357 2078 tribunali,
386 2033 454 2071 sed
483 2046 531 2071 ne
561 2035 680 2072 demo
711 2035 868 2084 quidem
898 2042 935 2073 et
964 2036 1140 2075 cubiculo
1175 2050 1259 2076 esse
1294 2039 1490 2078 exclusam

169 2105 261 2136 tuo:
291 2105 372 2136 toto
402 2099 567 2148 denique
591 2101 630 2137 in
655 2101 816 2149 imperio
846 2100 938 2137 nihil
966 2103 1148 2139 acerbum
1176 2115 1270 2145 esse,
1293 2104 1385 2141 nihil
1406 2118 1490 2143 cru-

89 2168 149 2209 285
169 2162 264 2209 dele,
295 2170 407 2212 atque
436 2165 567 2202 omnia
595 2165 710 2215 plena
739 2165 974 2212 clementiae,
1006 2168 1320 2216 mansuetudinis,
1355 2169 1490 2208 huma-

169 2229 307 2266 nitatis.

225 2306 260 2343 9.
291 2292 490 2340 Quantum
511 2307 599 2333 vero
623 2296 714 2334 illud
741 2303 799 2335 est
824 2296 1056 2336 beneficium
1083 2305 1202 2346 tuum,
1224 2299 1329 2349 quod
1355 2301 1488 2351 iniquo

169 2365 207 2398 et
234 2360 340 2408 gravi
368 2360 542 2410 vectigali
568 2361 743 2400 aedilicio
769 2374 858 2400 cum
883 2363 1034 2413 magnis
1065 2365 1204 2403 nostris
1235 2365 1488 2406 simultatibus
