1587 2533
185 127 256 155 122
516 124 756 155 EXTRACTS
784 123 919 154 FROM
947 124 1125 155 CICERO.
1331 125 1408 156 Sect.
1430 126 1483 156 111.

177 222 320 260 labellis
341 223 617 268 consedissent,
638 235 865 271 responsum
886 229 942 259 est
968 222 1148 271 singulari
1168 221 1271 258 illum
1300 223 1482 259 suavitate

175 288 358 324 orationis
379 287 470 324 fore.
528 288 587 324 Ita
616 287 740 324 futura
766 287 983 335 eloquentia
1002 287 1154 335 provisa
1182 287 1220 322 in
1249 287 1392 323 infante
1413 293 1480 323 est.

174 351 308 397 Quid?
338 364 486 388 amores
520 364 565 389 ac
601 352 757 389 deliciae
787 359 872 388 tuae
902 351 1066 388 Roscius
1096 363 1187 387 num
1213 357 1278 388 aut
1306 351 1387 399 ipse
1417 357 1480 388 aut

173 428 242 464 pro
272 428 318 452 eo
351 415 564 452 Lanuvium
590 423 713 452 totum
739 417 1018 453 mentiebatur?
1075 414 1153 460 Qui
1182 428 1300 464 quum
1323 422 1422 452 esset
1441 416 1479 451 in

172 480 371 516 cunabulis
405 481 704 528 educareturque
737 480 777 517 in
817 479 987 525 Solonio,
1017 480 1082 528 qui
1116 486 1173 516 est
1211 491 1369 528 campus
1400 480 1480 528 agri
1501 491 1539 522 70

172 545 369 589 Lanuvini,
391 554 509 582 noctu
536 545 677 581 lumine
698 545 875 593 apposito
903 551 1123 593 experrecta
1149 546 1275 581 nutrix
1306 545 1477 582 animad-

172 610 277 646 vertit
297 622 456 658 puerum
473 610 725 646 dormientem
741 609 1062 658 circumplicatum
1084 610 1268 657 serpentis
1289 609 1478 657 amplexu.

172 674 262 719 Quo
291 680 446 722 aspectu
475 675 649 711 exterrita
668 674 875 710 clamorem
896 675 1052 719 sustulit,
1075 681 1180 722 pater
1200 680 1326 710 autem
1347 672 1480 710 Roscii

170 739 217 775 ad
237 738 456 787 haruspices
477 739 623 775 retulit:
653 739 718 787 qui
737 739 1027 787 responderunt,
1049 739 1140 774 nihil
1171 738 1233 774 illo
1254 749 1373 785 puero
1404 738 1478 774 cla-

169 801 256 844 rius,
277 801 367 837 nihil
391 801 554 837 nobilius
584 801 675 837 fore.
732 801 860 849 Atque
880 801 978 837 hanc
998 801 1165 849 speciem
1187 799 1366 837 Pasiteles
1395 811 1478 836 cae-
1500 815 1536 847 75

169 865 254 902 lavit
275 872 434 913 argento
451 872 486 902 et
507 874 635 904 noster
655 866 840 914 expressit
860 865 1020 902 Archias
1041 866 1223 902 versibus.

223 934 260 967 5.
292 929 530 967 Obiiciuntur
563 931 676 967 etiam
710 942 824 978 saepe
858 929 1014 974 formae,
1048 942 1146 978 quae
1184 941 1320 978 reapse
1354 929 1479 966 nullae

169 1002 266 1040 sunt,
307 996 474 1044 speciem
520 1003 645 1032 autern
685 995 860 1032 offerunt.
920 994 1039 1040 Quod
1077 995 1282 1043 contigisse
1321 993 1476 1030 Brenno

169 1060 303 1097 dicitur
323 1061 479 1108 eiusque
502 1060 655 1097 Gallicis
676 1061 806 1107 copiis,
828 1072 946 1108 quum
972 1060 1061 1096 fano
1082 1059 1270 1108 Apollinis
1300 1058 1476 1107 Delphici

167 1124 351 1161 nefarium
382 1126 521 1162 bellurn
555 1125 750 1162 intulisset.
807 1125 911 1162 Tum
941 1125 1044 1161 enim
1075 1125 1198 1161 ferunt
1237 1136 1284 1161 ex
1321 1123 1476 1161 oraculo
1494 1131 1536 1162 80

167 1189 320 1226 effatam
342 1201 425 1226 esse
445 1189 641 1238 Pythiam:

402 1274 475 1316 Ego
498 1275 677 1316 providebo
700 1285 766 1306 rem
790 1275 885 1306 istam
909 1279 941 1305 et
964 1275 1057 1306 albae
1080 1274 1228 1315 virgines.

168 1357 223 1394 Ex
245 1370 321 1407 quo
343 1358 495 1405 facturn,
516 1366 556 1396 ut
586 1365 622 1396 et
648 1359 862 1396 viderentur
885 1359 1046 1406 virgines
1073 1358 1169 1396 serre
1200 1370 1304 1395 arma
1333 1368 1476 1405 contra,

169 1430 204 1460 et
224 1423 308 1460 nive
331 1422 528 1461 Gallorum
550 1425 772 1461 obrueretur
796 1424 994 1461 exercitus.

683 1649 872 1688 CHAP.
913 1648 959 1686 V.

213 1788 244 1821 1.
274 1783 333 1821 Ex
353 1790 388 1821 te
409 1784 493 1832 ipso
514 1796 594 1821 non
615 1785 915 1821 commentitiam
935 1796 1026 1829 rem,
1048 1785 1115 1821 sed
1136 1784 1285 1827 factam,
1299 1783 1468 1821 eiusdem

157 1850 306 1897 generis
323 1850 445 1885 audivi
463 1861 470 1886 :
501 1848 544 1886 C.
566 1848 786 1898 Coponium
802 1849 849 1886 ad
869 1857 905 1886 te
925 1850 1069 1887 venisse
1085 1848 1334 1898 Dyrrhachio,
1351 1861 1468 1898 quum

159 1914 351 1961 praetorio
373 1914 534 1962 irnperio
562 1914 672 1951 classi
700 1914 877 1951 Rhodiae
903 1922 1106 1963 praeesset,
1127 1927 1213 1951 cum
1241 1913 1371 1963 primis
1398 1913 1467 1950 ho-

157 1978 300 2014 minem
322 1979 550 2026 prudentem
571 1985 683 2027 atque
704 1979 860 2015 doctum
879 1989 887 2014 :
917 1990 1082 2026 eumque
1110 1979 1260 2022 dixisse,
1281 1977 1465 2026 remigem

156 2042 361 2091 quemdam
377 2055 396 2078 e
413 2043 676 2091 quinqueremi
693 2042 932 2080 Rhodiorum
947 2042 1465 2087 vaticinatum‚madefactum
1485 2052 1501 2083 5

155 2107 198 2143 iri
217 2107 342 2144 minus
363 2119 435 2144 xxx
458 2108 589 2144 diebus
607 2106 808 2145 Graeciam
830 2107 1037 2154 sanguine;
1067 2109 1219 2156 rapinas
1239 2106 1464 2155 Dyrrhachii

154 2179 191 2209 et
220 2173 541 2209 conscensionem
569 2173 608 2209 in
634 2184 750 2209 naves
777 2183 863 2208 curn
884 2171 985 2220 fuga,
1016 2172 1322 2221 fugientibusque
1350 2171 1463 2208 mise-

154 2237 311 2274 rabilem
338 2244 556 2286 respectum
586 2236 850 2273 incendiorum
879 2235 971 2281 fore,
993 2237 1059 2273 sed
1087 2237 1327 2274 Rhodiorum
1352 2236 1462 2273 classi

153 2302 413 2350 propinquum
440 2302 604 2338 reditum
633 2314 677 2338 ac
712 2301 870 2338 domum
900 2300 1057 2338 itionem
1088 2302 1188 2338 dari:
1227 2308 1308 2338 tum
1337 2313 1461 2350 neque

155 2374 191 2403 te
225 2367 351 2416 ipsum
385 2378 465 2404 non
497 2379 580 2403 esse
610 2372 861 2408 commotum,
883 2364 1135 2416 Marcumque
1173 2366 1387 2404 Varronem
1425 2372 1462 2403 et
1483 2378 1520 2399 ιο
