1587 2533
123 91 200 134 182
459 99 709 130 EXTRACTS
737 99 873 130 FRoM
901 99 1077 129 CICERO.
1274 100 1351 131 sect.
1374 99 1429 131 1v.

118 207 153 236 et
192 198 353 237 Graecia
391 199 474 237 tulit
511 199 720 248 singulares
752 199 876 245 viros;
911 210 1076 247 quorum
1113 199 1319 243 neminem,
1358 198 1429 236 nisi

118 265 267 300 iuvante
289 264 374 308 deo,
396 265 511 301 talem
530 264 645 301 fuisse
665 263 899 301 credendum
919 269 988 300 est.
1045 262 1156 308 Quae
1176 263 1270 299 ratio
1295 269 1429 312 poetas

118 329 360 377 maximeque
383 328 601 365 Homerum
622 328 780 377 impulit,
800 333 840 364 ut
860 327 1095 377 principibus
1124 327 1294 372 heroum,
1315 327 1430 373 Ulixi,

117 392 309 438 Diomedi,
339 393 637 441 Agamemnoni,
659 391 807 438 Achilli,
835 398 959 429 certos
984 392 1078 429 deos
1104 392 1365 429 discriminum
1393 397 1431 428 et

116 458 371 506 periculorum
393 458 552 494 comites
572 457 805 505 adiungeret.
862 456 1060 493 Praeterea
1079 457 1250 505 ipsorum
1271 456 1429 494 deorum
1447 470 1511 502 570

118 534 232 570 saepe
253 522 490 570 praesentiae
512 521 716 565 declarant,
743 522 792 558 ab
819 521 878 558 his
906 528 942 558 et
972 522 1183 558 civitatibus
1211 528 1248 558 et
1271 521 1430 570 singulis

117 587 336 623 hominibus
367 587 538 624 consuli:
577 586 683 635 quod
707 586 862 635 quidem
892 587 1107 635 intelligitur
1139 587 1255 623 etiam
1289 587 1431 636 signifi-

118 652 332 688 cationibus
366 664 492 688 rerum
523 651 742 696 suturarum,
778 664 875 700 quae
909 658 990 688 tum
1028 651 1316 696 dormientibus,
1351 658 1432 688 tum

116 716 358 764 vigilantibus
388 717 676 765 portenduntur.
735 715 858 752 Multa
886 723 1081 765 praeterea
1112 716 1283 761 ostentis,
1313 716 1432 753 multa

117 781 213 818 extis
234 781 497 826 admonemur,
518 781 721 829 multisque
742 782 854 818 rebus
874 782 954 818 aliis
975 795 982 817 :
1012 793 1107 830 quas
1122 782 1320 818 diuturnus
1338 793 1430 818 usus
1448 792 1510 824 575

120 847 171 883 ita
199 846 353 890 notavit,
374 853 415 882 ut
442 852 561 882 artem
592 846 831 883 divinationis
861 846 1035 883 efficeret.
1093 845 1220 883 Nemo
1248 846 1360 895 igitur
1377 846 1430 883 vir

116 922 280 959 magnus
310 910 390 947 sine
421 910 547 959 aliquo
577 910 704 947 afflatu
733 910 860 947 divino
890 923 1074 959 umquam
1103 911 1180 947 fuit.
1238 910 1322 948 Nec
1342 923 1431 948 vero

116 977 166 1013 ita
198 975 446 1013 refellendum
481 982 548 1020 est,
580 982 630 1021 ut,
666 975 696 1012 si
729 976 920 1024 segetibus
953 982 1016 1012 aut
1054 977 1187 1013 vinetis
1221 977 1433 1025 cuiuspiam

117 1047 324 1089 tempestas
363 1040 546 1085 nocuerit,
583 1047 646 1076 aut
681 1040 710 1076 si
745 1039 836 1088 quid
874 1053 895 1077 e
933 1040 1028 1077 vitae
1067 1041 1282 1078 commodis
1321 1053 1432 1079 casus

117 1106 319 1151 abstulerit,
354 1117 453 1150 eum,
483 1105 543 1142 cui
572 1105 663 1153 quid
691 1104 827 1141 horum
857 1105 1047 1150 acciderit,
1069 1111 1132 1142 aut
1165 1106 1327 1142 invisum
1358 1107 1431 1143 deo
1457 1108 1519 1148 580

116 1176 179 1207 aut
209 1170 425 1218 neglectum
456 1182 478 1206 a
507 1169 580 1205 deo
610 1168 830 1205 iudicemus.
888 1168 1034 1217 Magna
1064 1169 1115 1205 dii
1145 1177 1287 1214 curant,
1317 1182 1433 1219 parva

117 1235 323 1283 negligunt.
383 1233 538 1283 Magnis
566 1239 694 1270 autem
728 1233 813 1270 viris
852 1244 1033 1283 prospere
1065 1245 1216 1284 semper
1254 1235 1433 1273 eveniunt

118 1311 253 1337 omnes
273 1309 342 1337 res.
