1587 2533
153 121 232 163 208
501 130 747 161 EXTRAOTS
776 131 913 162 FROM
940 131 1120 164 CICERO.
1324 134 1404 166 ερατ.
1421 133 1464 169 v.

149 234 268 266 tracta
295 234 394 274 sunt,
415 234 473 266 est
501 229 685 278 quiddam
712 229 751 266 in
777 228 849 267 hac
875 242 914 266 re
934 229 1026 266 mihi
1049 229 1245 268 molestius
1264 230 1466 270 ferendum

151 306 266 343 quam
298 294 376 331 tibi.
433 294 593 330 Factum
627 300 683 331 est
717 294 819 331 enim
848 307 936 331 mea
965 295 1087 343 culpa,
1117 301 1249 332 contra
1277 308 1392 345 quam
1425 304 1466 335 tu

150 371 302 396 mecum
330 364 366 395 et
393 358 642 407 proficiscens
670 365 707 395 et
733 371 800 407 per
826 358 965 396 litteras
992 371 1137 407 egeras,
1158 366 1200 396 ut
1218 361 1342 408 priore
1363 373 1465 398 anno

151 435 230 460 non
249 423 525 459 succederetur.
583 422 701 468 Quod
725 435 811 471 ego,
833 423 923 460 dum
945 423 1054 461 saluti
1082 424 1272 460 sociorum
1292 425 1465 469 consulo,
1485 438 1526 461 20

151 487 243 524 dum
277 486 538 534 impudentiae
573 486 846 523 nonnullorum
879 488 1163 535 negotiatorum
1195 488 1340 533 resisto,
1375 489 1467 525 dum

152 558 325 588 nostram
345 550 506 599 gloriam
527 557 592 587 tua
611 551 743 588 virtute
764 552 894 600 augeri
910 559 1060 600 expeto,
1077 552 1149 588 feci
1169 563 1248 588 non
1265 553 1465 601 sapienter,

150 616 372 663 praesertim
401 628 521 664 quum
550 615 588 652 id
616 616 886 661 commiserim,
915 623 955 652 ut
989 617 1047 653 ille
1081 617 1172 653 alter
1203 628 1325 654 annus
1354 618 1467 654 etiam

150 680 301 718 tertium
330 687 462 729 posset
492 680 694 717 adducere.
753 680 871 726 Quod
898 682 1082 729 quoniam
1109 689 1310 730 peccatum
1337 693 1466 718 meum

151 756 234 781 esse
259 745 458 789 confiteor,
480 751 536 782 est
566 745 773 793 sapientiae
804 751 916 793 atque
946 745 1191 783 humanitatis
1220 753 1306 783 tuae
1337 757 1466 782 curare
1487 757 1526 789 25

152 814 188 845 et
208 809 402 857 perficere,
424 817 463 846 ut
483 809 556 846 hoc
576 809 704 846 minus
725 809 915 857 sapienter
937 821 959 846 a
979 821 1040 846 me
1061 812 1255 858 provisum
1275 810 1469 858 diligentia

151 881 215 911 tua
235 875 454 923 corrigatur.
511 875 569 911 Ac
597 875 627 911 si
653 881 688 910 te
714 875 794 922 ipse
820 873 1080 911 vehementius
1107 876 1155 912 ad
1183 862 1318 912 omnes
1343 882 1469 923 partes

153 940 251 976 bene
273 939 451 977 audiendi
480 939 665 984 excitaris,
688 951 768 976 non
794 946 835 975 ut
856 951 943 975 cum
971 939 1062 985 aliis,
1085 940 1153 977 sed
1179 946 1220 976 ut
1240 947 1367 977 tecum
1393 940 1469 976 iam

154 1005 234 1053 ipse
257 1011 389 1049 certes,
413 1004 443 1040 si
464 1016 621 1041 omnem
641 1011 744 1040 tuam
765 1010 946 1047 mentem,
964 1016 1106 1048 curam,
1130 1005 1401 1054 cogitationem
1421 1003 1470 1041 ad

153 1069 371 1105 excellentis
410 1069 448 1105 in
487 1069 666 1105 omnibus
706 1069 819 1104 rebus
860 1068 980 1104 laudis
1016 1069 1261 1117 cupiditatem
1295 1069 1469 1114 incitaris,
1488 1087 1530 1116 30

154 1134 244 1170 mihi
273 1134 395 1179 crede,
417 1145 515 1170 unus
545 1145 667 1170 annus
697 1133 847 1170 additus
876 1133 996 1169 labori
1027 1140 1092 1169 tuo
1120 1134 1326 1170 multorum
1349 1145 1469 1170 anno-

154 1208 238 1232 rum
258 1196 436 1232 laetitiam
454 1196 577 1240 nobis,
594 1195 712 1231 immo
733 1206 822 1230 vero
843 1195 957 1231 etiam
974 1196 1137 1243 posteris
1158 1197 1297 1233 nostris
1317 1195 1469 1232 adferet.

157 1261 403 1310 Quapropter
430 1260 504 1297 hoc
531 1266 567 1296 te
594 1260 760 1308 primum
786 1271 895 1307 rogo,
918 1272 966 1296 ne
993 1260 1196 1297 contrahas
1223 1272 1266 1297 ac
1296 1261 1472 1297 demittas

154 1326 336 1370 animum,
372 1337 466 1362 neve
505 1332 540 1361 te
580 1325 688 1361 obrui
726 1329 924 1372 tamquam
963 1324 1090 1369 fluctu,
1122 1325 1175 1362 sic
1210 1325 1472 1373 magnitudine

155 1391 298 1439 negotii
328 1391 442 1434 sinas,
474 1396 683 1437 contraque
712 1388 836 1437 erigas
866 1401 910 1425 ac
940 1389 1092 1426 resistas
1122 1390 1198 1426 sive
1232 1390 1346 1426 etiam
1374 1389 1471 1426 ultro
1490 1406 1530 1438 35

158 1467 336 1492 occurras
367 1455 541 1503 negotiis.
600 1453 736 1501 Neque
766 1453 869 1489 enim
899 1454 1088 1491 eiusmodi
1117 1461 1264 1502 partem
1293 1454 1346 1490 rei
1376 1454 1472 1503 pub-

156 1521 248 1556 licae
275 1520 386 1567 geris,
410 1520 447 1555 in
475 1530 550 1567 qua
578 1518 729 1555 fortuna
757 1518 983 1563 dominetur,
1006 1518 1073 1555 sed
1100 1519 1138 1555 in
1167 1531 1242 1568 qua
1268 1519 1473 1566 plurimum

156 1585 251 1621 ratio
272 1585 392 1632 possit
413 1590 450 1620 et
471 1583 676 1631 diligentia.
735 1582 853 1628 Quod
881 1583 910 1619 si
939 1583 1005 1619 tibi
1029 1582 1169 1619 bellum
1192 1584 1347 1632 aliquod
1367 1595 1473 1631 mag-

158 1661 252 1686 num
291 1656 328 1685 et
367 1648 622 1697 periculosum
660 1647 935 1684 administranti
979 1656 1228 1696 prorogatum
1273 1648 1474 1697 imperium

158 1715 337 1758 viderem,
360 1721 561 1750 tremerem
583 1712 724 1757 animo,
746 1712 851 1760 quod
871 1712 1009 1749 eodem
1032 1719 1203 1761 tempore
1229 1725 1313 1750 esse
1340 1713 1473 1749 intelli-
1492 1728 1535 1759 40

160 1791 291 1826 gerem
312 1779 425 1815 etiam
447 1777 619 1814 fortunae
640 1783 870 1825 potestatem
890 1777 929 1813 in
949 1789 1021 1814 nos
1042 1784 1300 1826 prorogatam.
1360 1777 1475 1814 Nunc

160 1855 248 1880 vero
270 1856 314 1880 ea
341 1854 429 1891 pars
456 1842 522 1878 tibi
542 1843 593 1878 rei
620 1842 794 1891 publicae
815 1842 1023 1878 commissa
1049 1848 1114 1887 est,
1137 1843 1175 1878 in
1202 1854 1278 1890 qua
1305 1849 1368 1879 aut
1392 1841 1476 1878 nul-

161 1909 235 1944 lam
257 1915 321 1944 aut
344 1907 591 1956 perexiguam
619 1914 765 1955 partem
785 1905 937 1943 fortuna
963 1913 1076 1951 tenet,
1099 1913 1134 1943 et
1161 1919 1258 1955 quae
1285 1906 1377 1943 mihi
1396 1913 1477 1943 tota

161 1974 201 2009 in
234 1980 298 2008 tua
331 1973 463 2009 virtute
497 1984 541 2008 ac
575 1971 838 2008 moderatione
870 1971 988 2007 animi
1023 1972 1148 2019 posita.
1181 1983 1265 2008 esse
1298 1971 1476 2009 videatur.

162 2036 308 2081 Nullas,
339 2043 379 2073 ut
408 2037 556 2086 opinor,
585 2036 743 2073 insidias
771 2036 950 2080 hostium,
981 2036 1125 2072 nullam
1153 2036 1286 2085 proelii
1320 2036 1476 2073 dimica·
1493 2053 1533 2087 45

163 2103 317 2146 tionem,
347 2101 489 2138 nullam
519 2100 773 2137 defectionem
803 2100 1004 2146 sociorum,
1035 2101 1179 2137 nullam
1212 2101 1382 2149 inopiam
1413 2101 1477 2138 sti-

164 2166 294 2216 pendii
331 2172 395 2202 aut
432 2166 485 2202 rei
521 2165 798 2210 frumentariae,
838 2165 980 2201 nullam
1023 2165 1252 2202 seditionem
1289 2165 1477 2203 exercitus

164 2231 467 2280 pertimescimus
483 2242 491 2266 :
520 2242 618 2279 quae
634 2242 817 2278 persaepe
833 2230 1122 2278 sapientissimis
1143 2230 1229 2267 viris
1245 2230 1476 2276 acciderunt,

164 2302 217 2340 ut,
247 2307 361 2343 quem
390 2296 439 2332 ad
468 2295 627 2331 modum
656 2295 931 2343 gubernatores
961 2294 1096 2343 optimi
1124 2294 1199 2331 vim
1228 2295 1476 2343 tempestatis,

166 2359 220 2396 sic
248 2359 299 2396 illi
322 2358 494 2396 fortunae
522 2359 708 2408 impetum
738 2370 914 2408 superare
944 2371 1024 2396 non
1052 2365 1222 2408 possent.
1280 2358 1370 2395 Tibi
1390 2359 1478 2397 data
1494 2373 1536 2405 50

1293 2403 1536 2421 ffl

1557 2477 1587 2533 25³:ssss
1571 2443 1582 2461 :v
1572 2419 1575 2422 i
