1587 2533
141 107 220 138 Sect.
237 104 293 136 IV.
521 104 608 134 BEA
619 103 753 134 UTIES
786 104 843 134 OF
872 103 934 133 NA
945 104 1078 135 TURE.
1384 108 1398 134 1
1411 105 1432 147 7
1444 108 1458 135 1

140 215 234 241 num
255 215 385 241 secum
406 203 584 241 frumenti
604 209 642 241 et
661 203 839 240 similium
853 203 989 240 dicitur
1010 203 1225 252 deportare.
1260 202 1460 253 Multaque

140 269 214 306 alia
242 269 281 305 in
309 269 390 306 aliis
420 269 514 306 loeis
544 268 897 306 commemorabilia
925 267 1095 317 proferre
1125 280 1298 317 possum,
1321 269 1461 306 multos

140 333 280 371 fertiles
311 346 437 383 agros,
459 335 553 372 alios
583 334 742 370 aliorum
772 333 973 370 fructuum.
1035 333 1111 370 Sed
1136 333 1198 370 illa
1225 339 1369 382 quanta
1396 334 1463 371 be-

63 410 120 442 195
139 399 304 447 nignitas
325 406 492 445 naturae,
516 399 620 449 quod
647 383 731 436 tam'
749 398 867 435 multa
895 398 943 435 ad
972 398 1220 443 vescendum,
1242 404 1320 435 tam
1348 398 1462 444 varia,

138 470 294 514 tamque
315 465 482 502 iucunda
500 464 632 514 gignit,
654 475 779 512 neque
801 476 847 501 ea
867 476 946 501 uno
967 470 1141 512 tempore
1168 463 1269 509 anni,
1291 470 1332 500 ut
1362 475 1462 500 sem-

138 541 207 579 per
226 536 263 566 et
283 530 447 566 novitate
468 529 701 566 delectemur
725 534 762 565 et
790 529 926 577 copia!
973 528 1103 574 Quam
1125 529 1374 578 tempestivos
1396 541 1461 565 au-

138 601 216 632 tem
246 594 360 640 dedit,
389 607 505 644 quam
535 594 718 631 salutares
747 605 828 630 non
857 593 976 630 modo
1007 594 1220 640 hominum,
1250 594 1319 632 sed
1348 594 1462 631 etiam

139 661 332 710 pecudum
351 661 492 710 generi,
514 660 558 697 iis
583 660 748 708 denique
778 660 959 696 omnibus
991 672 1087 709 quae
1118 660 1290 697 oriuntur
1311 672 1331 696 e
1352 666 1459 706 terra,

57 736 120 759 200
138 732 272 763 ventos
292 726 452 772 Etesias‚
474 737 636 774 quorum
657 724 748 761 flatu
768 725 873 761 nimii
897 730 1158 773 temperantur
1179 725 1349 763 calores!
1397 726 1460 762 Ab

138 790 274 828 iisdem
313 791 426 828 etiam
464 790 643 828 maritimi
682 801 814 827 cursus
855 789 997 826 celeres
1033 795 1069 826 et
1108 791 1199 827 certi
1235 791 1459 840 diriguntur.

139 856 263 894 Multa
291 856 568 906 praetereunda
597 862 697 902 sunt,
727 861 764 892 et
798 862 928 893 tamen
958 856 1078 892 multa
1108 856 1296 894 dicuntur.
1355 857 1461 894 Enu-

138 922 275 959 merari
305 922 408 959 enim
443 933 522 958 non
552 927 716 970 possunt
751 920 954 957 fluminum
983 922 1302 969 opportunitates,
1335 930 1462 960 aestus

137 987 326 1032 maritimi,
366 993 448 1024 tum
487 986 725 1031 accedentes,
760 992 841 1022 tum
875 985 1114 1031 recedentes,
1150 993 1303 1024 montes
1339 988 1462 1025 vestiti

58 1063 118 1095 205
137 1058 250 1101 atque
272 1052 471 1098 silvestres,
495 1052 636 1089 salinae
657 1052 705 1088 ab
726 1062 793 1088 ora
817 1051 1007 1088 maritima
1027 1052 1319 1099 remotissimae,
1341 1053 1462 1090 medi-

138 1124 403 1156 camentorum
441 1117 660 1155 salutarium
696 1116 943 1166 plenissimae
984 1123 1118 1163 terrae,
1155 1124 1254 1156 artes
1296 1119 1462 1168 denique

138 1182 433 1220 innumerabiles
457 1182 506 1220 ad
525 1182 666 1220 victum
695 1187 731 1218 et
757 1182 807 1218 ad
827 1182 943 1218 vitam
972 1183 1221 1220 necessariae.
1281 1183 1365 1220 Iam
1388 1185 1461 1222 diei

137 1248 338 1296 noctisque
375 1247 596 1285 vicissitudo
638 1253 840 1284 conservat
879 1247 1106 1294 animantes,
1147 1249 1318 1286 tribuens
1358 1249 1460 1287 aliud

138 1312 276 1363 agendi
299 1318 465 1362 tempus,
486 1312 588 1350 aliud
609 1312 842 1361 quiescendi.
902 1311 963 1349 Sic
985 1314 1156 1362 undique
1181 1315 1289 1351 omni
1314 1315 1462 1352 ratione

59 1394 122 1417 2¹0
138 1377 388 1423 concluditur,
409 1384 538 1415 mente
559 1378 797 1426 consilioque
822 1377 952 1415 divino
982 1379 1114 1415 omnia
1143 1379 1181 1416 in
1211 1379 1285 1417 hoc
1314 1380 1462 1417 mundo

138 1443 188 1480 ad
223 1442 384 1480 salutem
422 1443 598 1480 omnium
637 1443 1048 1493 conservationemque
1087 1444 1358 1482 admirabiliter
1396 1446 1463 1483 ad-

137 1508 350 1546 ministrari.

194 1578 235 1612 9.
266 1573 342 1611 Hic
362 1579 519 1623 quaerat
539 1573 741 1623 quispiam,
763 1574 964 1612 cuiusnam
984 1587 1100 1612 causa
1120 1581 1311 1613 tantarum
1335 1588 1462 1615 rerum

138 1639 284 1677 molitio
304 1639 404 1677 facta
425 1640 492 1686 sit;
525 1640 756 1677 arborumne
780 1646 816 1677 et
840 1640 1071 1682 herbarum?
1101 1653 1199 1690 quae
1227 1654 1462 1692 quamquam

56 1720 117 1752 215
139 1705 219 1742 sine
241 1716 356 1742 sensu
376 1711 475 1751 sunt,
496 1711 626 1742 tamen
654 1718 677 1742 a
702 1711 837 1742 natura
865 1707 1108 1744 sustinentur.
1164 1708 1216 1744 At
1240 1707 1278 1745 id
1306 1709 1462 1758 quidem

137 1769 347 1808 absurdum
385 1776 451 1808 est.
511 1770 574 1817 An
612 1771 848 1809 bestiarum?
909 1763 1041 1810 Nihilo
1079 1773 1326 1821 probabilius,
1366 1775 1461 1812 deos

136 1841 332 1873 mutorum
370 1842 407 1873 et
444 1836 537 1873 nihil
575 1836 867 1886 intelligentium
907 1849 1024 1874 causa
1070 1843 1218 1875 tantum
1255 1839 1461 1877 laborasse.

138 1899 315 1947 Quorum
343 1901 456 1949 igitur
485 1914 601 1939 causa
631 1903 716 1952 quis
746 1902 882 1939 dixerit
917 1902 1096 1940 effectum
1133 1915 1217 1941 esse
1246 1905 1462 1942 mundum?

136 1965 284 2004 Eorum
314 1966 455 2004 scilieet
483 1967 746 2012 animantium,
768 1980 867 2017 quae
898 1968 1046 2006 ratione
1074 1975 1241 2008 utuntur.
1300 1970 1354 2007 Hi
1375 1977 1463 2008 sunt

57 2045 120 2068 220
139 2031 190 2069 dii
218 2037 255 2069 et
283 2030 473 2077 homines,
504 2033 642 2082 quibus
670 2033 847 2082 profecto
878 2033 970 2070 nihil
1000 2040 1057 2072 est
1086 2035 1244 2073 melius:
1279 2037 1376 2074 ratio
1406 2043 1462 2074 est

138 2097 252 2143 enim,
282 2108 381 2146 quae
411 2105 578 2146 praestat
606 2100 798 2138 omnibus.
868 2099 926 2138 Ita
955 2100 996 2138 fit
1026 2101 1206 2139 credibile
1236 2102 1397 2140 deorum
1427 2110 1463 2140 et

136 2160 338 2199 hominum
368 2174 483 2201 causa
511 2163 654 2202 factum
693 2177 777 2203 esse
811 2165 1001 2203 mundum
1032 2179 1208 2216 quaeque
1242 2167 1281 2204 in
1311 2179 1358 2205 eo
1389 2168 1463 2204 sint

138 2227 281 2265 omnia.
338 2227 580 2278 Faciliusque
599 2229 841 2279 intelligetur,
864 2242 885 2267 a
907 2231 977 2268 diis
998 2232 1277 2270 immortalibus
1298 2231 1464 2270 homini-

137 2292 210 2330 bus
239 2305 324 2331 esse
354 2293 562 2343 provisum,
583 2294 613 2332 si
634 2295 702 2332 erit
723 2301 803 2333 tota
833 2296 1000 2334 hominis
1029 2296 1227 2335 fabricatio
1248 2304 1462 2348 perspecta,

28 2379 37 2405 3.
61 2370 121 2404 ²25
141 2358 346 2410 omnisque
365 2359 556 2398 humanae
575 2368 731 2399 naturae
752 2360 874 2409 figura
893 2368 1006 2412 atque
1026 2362 1224 2413 perfectio.

763 2437 790 2466 N
811 2437 832 2463 2
