1587 2533
150 105 231 145 260
489 111 733 143 EXTRAcTs
763 111 900 142 FRoM
928 113 1104 146 crcERo.
1328 114 1406 145 sect.
1426 114 1466 144 v.

148 211 337 261 quaedam
367 218 445 249 tota
477 211 603 249 Sicilia
632 211 806 259 privatim
835 223 880 248 ac
908 211 1059 260 publice
1080 210 1212 259 religio
1242 217 1298 247 est
1318 210 1465 248 Cereris

147 276 381 314 Hennensis.
454 277 607 313 Etenim
634 275 752 312 multa
777 287 891 324 saepe
911 276 1085 325 prodigia
1112 275 1187 311 vim
1207 275 1286 312 eius
1305 288 1466 312 numen·
1482 286 1524 315 30

148 354 221 391 que
258 342 474 379 declarant:
514 341 641 377 multis
680 352 793 389 saepe
823 341 862 376 in
891 340 1116 377 difficillimis
1145 340 1256 376 rebus
1285 351 1466 389 praesens

147 407 329 443 auxilium
353 406 433 442 eius
460 406 632 442 oblatum
654 412 722 450 est,
743 412 783 441 ut
811 405 907 442 haec
928 405 1051 442 insula
1081 406 1129 441 ab
1159 416 1204 441 ea
1232 416 1311 441 non
1340 405 1465 442 solum

150 472 265 520 diligi,
296 471 364 508 sed
407 471 521 507 etiam
561 470 676 507 incoli
705 470 961 519 custodirique
991 469 1170 506 videatur.
1228 469 1313 506 Nec
1343 469 1465 506 solum

153 537 278 581 Siculi,
300 547 431 572 verum
453 536 567 571 etiam
594 542 739 572 ceterae
767 542 901 583 gentes
928 535 1182 583 nationesque
1211 534 1465 572 Hennensem

151 601 329 639 Cererem
359 600 525 637 maxime
560 601 701 637 colunt.
772 599 936 646 Etenim,
967 601 998 637 si
1036 600 1329 637 Atheniensium
1362 611 1467 637 sacra
1483 608 1521 640 35

153 678 303 703 summa
332 666 538 714 cupiditate
568 671 808 714 expetuntur,
829 666 879 702 ad
908 677 1005 715 quos
1036 664 1151 702 Ceres
1181 665 1219 701 in
1248 665 1311 701 illo
1341 676 1466 702 errore

149 731 297 768 venisse
318 730 453 767 dicitur
480 730 684 779 frugesque
712 730 879 767 attulisse
897 746 904 767 :
937 737 1119 780 quantam
1141 741 1224 766 esse
1243 729 1466 778 religionem

149 796 328 834 convenit
350 807 495 840 eorum,
517 796 620 844 apud
647 807 744 844 quos
774 807 858 832 eam
888 802 1017 832 natam
1046 807 1129 832 esse
1150 802 1186 831 et
1216 794 1344 843 fruges
1363 794 1465 831 inve-

146 862 248 899 nisse
270 861 445 898 constat?
503 861 637 909 Itaque
659 861 762 909 apud
782 866 907 908 patres
938 867 1088 897 nostros
1119 859 1237 896 atroci
1263 871 1307 895 ac
1328 858 1467 896 difficili

146 926 378 975 reipublicae
417 933 602 974 tempore,
633 938 750 974 quum
781 925 838 961 Ti.
863 924 1040 962 Graccho
1074 926 1203 961 occiso
1237 936 1466 972 magnorum
1483 938 1525 968 40

146 991 402 1042 periculorum
418 996 542 1027 metus
564 1003 609 1027 ex
631 991 790 1027 ostentis
803 990 1103 1038 portenderetur,
1119 990 1160 1026 P.
1175 989 1307 1026 Mucio
1321 989 1364 1026 L.
1379 988 1466 1026 Cal-

146 1057 285 1106 purnio
308 1056 540 1100 consulibus,
571 1055 714 1092 aditum
735 1062 791 1092 est
812 1055 860 1091 ad
880 1055 996 1092 libros
1019 1054 1244 1103 Sibyllinos:
1275 1054 1313 1090 in
1327 1054 1466 1103 quibus

146 1123 343 1158 inventum
391 1127 457 1165 est,
495 1132 671 1158 CEREREM
715 1130 1015 1162 ANTIQUISSIMAM
1054 1130 1214 1156 PLACARI
1255 1129 1465 1156 OPORTERE.

147 1185 253 1223 Tum
282 1197 329 1221 ex
358 1184 591 1233 amplissimo
622 1184 785 1232 collegio
815 1183 1054 1220 decemvirali
1085 1182 1301 1219 sacerdotes
1331 1182 1467 1231 populi

150 1250 327 1295 Romani,
358 1262 476 1298 quum
507 1256 607 1286 esset
635 1250 673 1286 in
702 1249 807 1286 Urbe
837 1257 966 1286 nostra
995 1248 1142 1286 Cereris
1171 1247 1466 1296 pulcherrimum
1486 1259 1526 1292 45

148 1324 184 1353 et
204 1315 625 1363 magnificentissimum
653 1314 849 1363 templum,
871 1320 999 1350 tamen
1029 1326 1151 1362 usque
1173 1312 1356 1349 Hennam
1376 1324 1465 1362 pro-

150 1382 236 1418 fecti
257 1387 354 1417 sunt.
412 1379 541 1416 Tanta
561 1380 663 1415 enim
684 1386 762 1416 erat
789 1379 992 1416 auctoritas
1019 1385 1056 1415 et
1082 1385 1247 1414 vetustas
1267 1377 1361 1414 illius
1381 1377 1465 1414 reli-

148 1446 286 1494 gionis,
308 1452 358 1489 ut,
381 1457 500 1493 quum
530 1444 616 1480 illuc
646 1444 753 1488 irent,
776 1455 855 1480 non
885 1443 934 1480 ad
964 1443 1099 1480 aedem
1130 1442 1289 1487 Cereris,
1320 1441 1387 1478 sed
1417 1441 1466 1478 ad

149 1513 273 1560 ipsam
294 1510 472 1547 Cererem
492 1509 681 1558 proficisci
702 1509 924 1546 viderentur.
981 1507 1073 1544 Non
1089 1507 1300 1544 obtundam
1313 1506 1463 1544 diutius.

149 1575 302 1613 Etenim
323 1575 547 1612 iamdudum
562 1586 703 1618 vereor,
720 1585 768 1610 ne
789 1574 909 1610 oratio
925 1584 1011 1609 mea
1031 1572 1154 1609 aliena
1170 1572 1218 1608 ab
1238 1571 1463 1608 iudiciorum
1481 1585 1523 1617 50

149 1642 296 1678 ratione
331 1648 367 1678 et
401 1640 623 1689 quotidiana
652 1638 803 1676 dicendi
843 1637 1120 1675 consuetudine
1159 1649 1243 1674 esse
1282 1636 1462 1673 videatur.

151 1706 241 1743 Hoc
272 1707 370 1751 dico,
397 1705 495 1742 hanc
524 1705 648 1754 ipsam
677 1703 866 1748 Cererem,
896 1702 1209 1751 antiquissimam,
1230 1701 1465 1750 religiosissi-

151 1784 266 1817 mam,
281 1771 493 1819 principem
514 1770 689 1806 omnium
710 1780 916 1813 sacrorum,
935 1779 1031 1817 quae
1052 1767 1155 1816 apud
1175 1778 1310 1803 omnes
1330 1772 1465 1815 gentes

151 1836 402 1884 nationesque
424 1835 529 1880 fiunt,
550 1846 572 1871 a
593 1833 635 1871 C.
652 1833 769 1870 Verre
791 1845 837 1869 ex
865 1832 942 1869 suis
969 1832 1119 1880 templis
1141 1844 1184 1868 ac
1205 1831 1360 1868 sedibus
1381 1843 1464 1869 esse

152 1901 351 1938 sublatam.
408 1900 487 1946 Qui
514 1899 725 1936 accessistis
747 1898 941 1942 Hennam,
962 1897 1105 1933 vidistis
1126 1896 1369 1933 simulacrum
1389 1895 1462 1933 Ce-
1481 1915 1520 1948 55

152 1965 242 2003 reris
272 1977 292 2001 e
321 1977 510 2001 marmore
538 1971 574 2001 et
600 1965 639 2000 in
666 1964 782 2000 altero
812 1962 955 2010 templo
983 1961 1163 1998 Liberae:
1195 1967 1282 1998 sunt
1308 1973 1352 1998 ea
1378 1973 1462 2010 per-

153 2030 280 2079 ampla
309 2036 421 2078 atque
451 2030 654 2079 praeclara,
685 2028 753 2065 sed
781 2039 861 2064 non
890 2027 940 2063 ita
970 2027 1136 2075 antiqua.
1193 2025 1252 2062 Ex
1282 2038 1366 2062 aere
1396 2026 1464 2063 fuit

153 2095 360 2145 quoddam,
381 2095 533 2131 modica
560 2093 807 2142 amplitudine
831 2104 875 2128 ac
903 2092 1083 2139 singulari
1109 2103 1237 2139 opere,
1259 2103 1346 2127 cum
1372 2090 1461 2127 faci-

152 2163 234 2205 bus,
263 2160 543 2209 peranffiquum,
575 2159 748 2196 omnium
777 2157 937 2202 illorum,
968 2169 1065 2205 quae
1095 2163 1181 2193 sunt
1218 2157 1256 2192 in
1285 2168 1332 2193 eo
1361 2156 1463 2201 fano,

154 2226 274 2264 multo
305 2225 618 2274 antiquissimum.
676 2223 721 2260 Id
755 2222 923 2268 sustulit3
954 2234 997 2258 ac
1027 2229 1155 2258 tamen
1184 2233 1230 2258 eo
1261 2228 1462 2258 contentus
1479 2231 1521 2263 60

153 2304 231 2328 non
261 2291 340 2328 fuit.
395 2290 495 2327 Ante
523 2289 656 2326 aedem
678 2288 826 2326 Cereris
852 2288 891 2324 in
916 2293 1045 2335 aperto
1075 2299 1118 2323 ac
1148 2286 1348 2335 propatulo
1374 2286 1461 2324 loco

153 2356 261 2405 signa
291 2355 368 2393 duo
397 2361 495 2400 sunt,
527 2353 674 2391 Cereris
702 2365 833 2397 unum,
864 2352 1021 2389 alterum
1050 2350 1287 2412 Triptolemi,
1317 2358 1353 2388 et
1381 2351 1462 2400 pul-
