1587 2533
147 117 244 158 Chap.
266 117 325 150 111.
547 115 704 148 OMENS
734 114 833 146 AND
864 112 1070 147 DREAMS.
1387 117 1468 160 119

87 223 130 254 30
146 211 271 257 valuit,
292 210 332 249 id
360 210 486 257 valuit,
506 216 548 248 ut
574 215 779 260 peccatum
806 208 978 246 haereret
998 219 1077 245 non
1098 206 1137 245 in
1167 219 1214 245 eo
1244 207 1310 258 qui
1332 219 1472 246 monu-

145 276 225 322 erit,
247 276 316 314 sed
335 276 375 313 in
395 287 442 313 eo
463 276 528 325 qui
549 287 630 313 non
655 274 940 324 obtemperarit.

199 346 238 380 3.
268 341 401 388 Quid?
429 341 543 378 lituus
573 341 643 378 iste
666 346 800 386 vester,
823 339 928 390 quod
956 339 1209 377 clarissimum
1236 345 1294 377 est
1319 339 1471 388 insigne

94 400 99 401 ⁷
145 413 363 456 auguratus,
397 406 502 444 unde
534 405 644 443 vobis
681 411 739 443 est
771 405 959 443 traditus?
1016 404 1170 454 Nempe
1200 417 1247 443 eo
1278 404 1470 442 Romulus

143 472 322 521 regiones
350 471 487 509 direxit
516 477 598 508 tum
630 482 751 520 quum
779 469 927 507 Urbem
959 469 1141 508 condidit.
1199 469 1278 517 Qui
1312 470 1470 519 quidem

85 546 124 577 35
145 535 304 574 Romuli
318 536 443 582 lituus,
463 536 502 574 id
522 543 579 574 est
606 535 808 573 incurvum
836 542 873 573 et
899 535 1030 573 leviter
1056 548 1079 573 a
1104 547 1257 573 summo
1284 535 1470 572 inflexum

142 601 336 648 bacillum,
357 600 462 651 quod
483 602 532 639 ab
558 601 639 639 eius
668 600 749 638 litui
775 612 853 650 quo
878 600 1024 637 canitur
1049 601 1295 639 similitudine
1323 612 1469 638 nomen

143 667 298 714 invenit,
333 678 455 716 quum
487 666 580 704 situs
606 672 707 704 esset
744 665 784 704 in
823 665 927 703 curia
965 664 1167 711 Saliorum,
1200 678 1298 715 quae
1334 672 1391 703 est
1429 665 1469 702 in

143 730 303 778 Palatio,
335 743 457 780 eaque
486 731 781 780 deflagravisset,
812 730 988 768 inventus
1021 736 1078 768 est
1112 731 1273 779 integer.
1333 730 1469 777 Quid?

142 796 271 835 multis
291 796 402 834 annis
421 802 510 845 post
530 796 754 842 Romulum,
775 795 907 834 Prisco
927 801 1113 844 regnante
1133 795 1359 845 Tarquinio,
1382 795 1466 846 quis

83 875 126 906 40
142 869 312 901 veterum
341 862 573 912 scriptorum
601 874 683 900 non
711 861 890 911 loquitur,
919 873 1018 910 quae
1048 861 1097 899 sit
1126 862 1175 899 ab
1204 862 1311 899 Attio
1341 861 1467 899 Navio

141 940 210 977 per
236 928 372 966 lituum
400 927 605 977 regionum
635 926 735 965 facta
763 926 998 976 descriptio?
1057 926 1136 973 Qui
1163 938 1282 976 quum
1311 933 1470 976 propter

140 999 407 1043 paupertatem
436 1005 524 1031 sues
553 1005 650 1042 puer
678 999 864 1042 pasceret,
885 1004 963 1029 una
992 1004 1039 1029 ex
1068 992 1114 1028 iis
1143 992 1295 1038 amissa,
1317 993 1467 1029 vovisse

140 1059 288 1104 dicitur,
309 1058 340 1096 si
359 1059 670 1108 recuperavisset,
691 1071 806 1096 uvam
827 1070 867 1095 se
889 1057 963 1096 deo
985 1058 1162 1095 daturum
1176 1070 1275 1108 quae
1295 1058 1468 1096 maxima

140 1130 240 1162 esset
258 1124 298 1161 in
316 1124 448 1162 vinea:
479 1124 608 1174 itaque
629 1137 697 1162 sue
722 1124 889 1168 inventa,
910 1123 959 1160 ad
985 1123 1187 1161 meridiem
1218 1130 1399 1172 spectans
1427 1125 1466 1162 in

80 1200 119 1232 45
139 1189 251 1228 vinea
269 1190 398 1227 media
417 1189 554 1227 dicitur
573 1189 814 1236 constitisse3
846 1201 1043 1238 quumque
1063 1189 1103 1226 in
1132 1194 1313 1239 quattuor
1338 1196 1466 1238 partes

141 1256 293 1293 vineam
331 1256 530 1301 divisisset,
571 1262 724 1306 tresque
765 1262 893 1305 partes
924 1267 1013 1292 aves
1046 1255 1295 1302 abdixissent‚
1334 1262 1469 1304 quarta

138 1327 257 1372 parte,
279 1333 377 1371 quae
407 1328 486 1359 erat
509 1321 653 1371 reliqua
679 1321 720 1358 in
749 1321 909 1369 regione
937 1321 1146 1368 distributa,
1167 1321 1330 1358 mirabili
1358 1333 1467 1370 mag-

138 1387 310 1425 nitudine
329 1398 455 1433 uvam,
476 1393 516 1424 ut
543 1387 730 1436 scriptum
759 1386 945 1431 videmus,
967 1386 1120 1424 invenit.
1179 1385 1270 1432 Qua
1295 1399 1336 1423 re
1366 1386 1465 1424 cele-

137 1453 256 1499 brata,
287 1464 407 1501 quum
435 1452 548 1490 vicini
577 1463 714 1489 omnes
744 1452 794 1489 ad
823 1464 912 1489 eum
942 1451 988 1488 de
1017 1452 1133 1489 rebus
1163 1452 1241 1489 suis
1272 1452 1464 1497 referrent,

79 1531 119 1564 50
138 1524 217 1555 erat
236 1518 276 1555 in
295 1529 439 1566 magno
460 1517 618 1555 nomine
641 1523 677 1555 et
696 1517 829 1566 gloria.
886 1516 946 1553 Ex
964 1528 1042 1566 quo
1064 1516 1207 1554 factum
1228 1524 1296 1563 est,
1314 1523 1353 1554 ut
1375 1529 1465 1555 eum

137 1583 186 1622 ad
206 1596 246 1622 se
266 1596 333 1621 rex
352 1583 505 1621 Priscus
526 1589 746 1621 arcesseret.
804 1583 923 1621 Cuius
941 1595 1062 1632 quum
1077 1589 1243 1620 tentaret
1264 1583 1464 1622 scientiam

136 1655 355 1699 auguratus,
386 1648 480 1686 dixit
508 1648 553 1694 ei,
584 1649 756 1698 cogitare
786 1660 827 1686 se
857 1648 1064 1698 quiddam3
1095 1648 1134 1685 id
1162 1655 1349 1697 possetne
1370 1649 1462 1696 fieri,

136 1715 339 1754 consuluit.
395 1714 476 1761 Ille,
499 1715 659 1763 augurio
689 1720 787 1759 acto,
809 1726 925 1763 posse
954 1713 1164 1764 respondit.
1224 1714 1461 1763 Tarquinius

135 1788 264 1820 autem
296 1781 400 1827 dixit,
435 1792 476 1818 se
510 1781 701 1829 cogitasse
736 1786 864 1818 cotem
896 1779 1085 1816 novacula
1123 1792 1241 1829 posse
1279 1781 1461 1830 praecidi.

75 1858 114 1891 55
136 1848 241 1885 Tum
261 1847 408 1884 Attium
428 1846 585 1884 iussisse
605 1845 778 1895 experiri.
837 1845 896 1883 Ita
917 1850 1045 1883 cotem
1076 1845 1115 1882 in
1142 1846 1342 1883 comitium
1369 1847 1458 1884 alla-

133 1920 224 1959 tam,
246 1913 485 1962 inspectante
506 1919 543 1949 et
563 1924 653 1961 rege
674 1918 711 1950 et
730 1911 889 1961 populo,
912 1911 1100 1948 novacula
1130 1923 1214 1949 esse
1244 1912 1456 1951 discissam.

131 1978 191 2016 Ex
213 1990 261 2016 eo
287 1978 412 2016 evenit
439 1983 480 2015 ut
500 1984 538 2015 et
566 1977 802 2027 Tarquinius
827 1988 971 2026 augure
992 1976 1100 2014 Attio
1127 1975 1253 2014 Navio
1281 1984 1459 2025 uteretur,

131 2050 170 2082 et
202 2043 369 2094 populus
403 2043 451 2081 de
481 2043 559 2081 suis
587 2044 703 2081 rebus
732 2042 782 2080 ad
811 2055 900 2079 eum
931 2041 1095 2079 referret.
1156 2041 1297 2080 Cotem
1330 2050 1458 2082 autem

130 2111 234 2149 illam
254 2117 291 2148 et
309 2110 538 2147 novaculam
559 2110 754 2148 defossam
773 2109 814 2146 in
834 2108 991 2147 comitio
1013 2120 1205 2160 supraque
1233 2109 1457 2160 impositum

72 2183 112 2216 60
129 2176 257 2228 puteal
277 2175 508 2225 accepimus.
