<?xml version="1.0" encoding="UTF-8"?>
<!DOCTYPE html PUBLIC "-//W3C//DTD XHTML 1.0 Transitional//EN"
    "http://www.w3.org/TR/xhtml1/DTD/xhtml1-transitional.dtd">
<html xmlns="http://www.w3.org/1999/xhtml" xml:lang="en" lang="en">
 <head>
  <title>
</title>
<meta http-equiv="Content-Type" content="text/html;charset=utf-8" />
  <meta name='ocr-system' content='tesseract 3.04.00' />
  <meta name='ocr-capabilities' content='ocr_page ocr_carea ocr_par ocr_line ocrx_word'/>
</head>
<body>
  <div class='ocr_page' id='page_1' title='image "./extractsfromcice00ciceuoft_0234.png"; bbox 0 0 1587 2533; ppageno 0'>
   <div class='ocr_carea' id='block_1_1' title="bbox 133 108 1448 151">
    <p class='ocr_par' dir='ltr' id='par_1_1' title="bbox 133 108 1448 151">
     <span class='ocr_line' id='line_1_1' title="bbox 133 108 1448 151; baseline 0.004 -12"><span class='ocrx_word' id='word_1_1' title='bbox 133 115 214 151; x_wconf 76' lang='lat'>214</span> <span class='ocrx_word' id='word_1_2' title='bbox 486 108 734 140; x_wconf 84' lang='lat' dir='ltr'><strong><em>EXTRACTS</em></strong></span> <span class='ocrx_word' id='word_1_3' title='bbox 762 108 900 139; x_wconf 90' lang='lat' dir='ltr'><em>FROM</em></span> <span class='ocrx_word' id='word_1_4' title='bbox 927 109 1107 140; x_wconf 85' lang='lat' dir='ltr'><strong><em>CICERO.</em></strong></span> <span class='ocrx_word' id='word_1_5' title='bbox 1307 112 1386 143; x_wconf 85' lang='lat' dir='ltr'>Sect.</span> <span class='ocrx_word' id='word_1_6' title='bbox 1408 112 1448 144; x_wconf 88' lang='lat' dir='ltr'>V.</span> 
     </span>
    </p>
   </div>
   <div class='ocr_carea' id='block_1_2' title="bbox 125 209 1454 2403">
    <p class='ocr_par' dir='ltr' id='par_1_2' title="bbox 125 209 1451 2015">
     <span class='ocr_line' id='line_1_2' title="bbox 130 209 1450 260; baseline -0.001 -11"><span class='ocrx_word' id='word_1_7' title='bbox 130 213 178 249; x_wconf 84' lang='lat' dir='ltr'>ab</span> <span class='ocrx_word' id='word_1_8' title='bbox 217 211 262 248; x_wconf 85' lang='lat' dir='ltr'>iis</span> <span class='ocrx_word' id='word_1_9' title='bbox 301 210 374 255; x_wconf 89' lang='lat' dir='ltr'>fiet,</span> <span class='ocrx_word' id='word_1_10' title='bbox 410 211 549 260; x_wconf 87' lang='lat' dir='ltr'>quibus</span> <span class='ocrx_word' id='word_1_11' title='bbox 586 216 627 247; x_wconf 88' lang='lat' dir='ltr'>tu</span> <span class='ocrx_word' id='word_1_12' title='bbox 658 209 739 247; x_wconf 89' lang='lat' dir='ltr'>eius</span> <span class='ocrx_word' id='word_1_13' title='bbox 773 209 942 247; x_wconf 87' lang='lat' dir='ltr'>muneris</span> <span class='ocrx_word' id='word_1_14' title='bbox 980 210 1148 259; x_wconf 82' lang='lat' dir='ltr'>aliquam</span> <span class='ocrx_word' id='word_1_15' title='bbox 1180 215 1327 259; x_wconf 85' lang='lat' dir='ltr'>partem</span> <span class='ocrx_word' id='word_1_16' title='bbox 1356 221 1450 248; x_wconf 89' lang='lat' dir='ltr'>con-</span> 
     </span>
     <span class='ocr_line' id='line_1_3' title="bbox 131 275 1450 324; baseline -0.001 -10"><span class='ocrx_word' id='word_1_17' title='bbox 131 277 300 314; x_wconf 80' lang='lat' dir='ltr'><strong>cesseris.</strong></span> <span class='ocrx_word' id='word_1_18' title='bbox 357 275 416 313; x_wconf 91' lang='lat' dir='ltr'>Ac</span> <span class='ocrx_word' id='word_1_19' title='bbox 442 276 536 312; x_wconf 91' lang='lat' dir='ltr'>mihi</span> <span class='ocrx_word' id='word_1_20' title='bbox 565 275 720 324; x_wconf 88' lang='lat' dir='ltr'>quidem</span> <span class='ocrx_word' id='word_1_21' title='bbox 745 275 890 312; x_wconf 87' lang='lat' dir='ltr'>videtur</span> <span class='ocrx_word' id='word_1_22' title='bbox 912 286 992 311; x_wconf 91' lang='lat' dir='ltr'>non</span> <span class='ocrx_word' id='word_1_23' title='bbox 1012 286 1104 311; x_wconf 87' lang='lat' dir='ltr'>sane</span> <span class='ocrx_word' id='word_1_24' title='bbox 1123 286 1266 324; x_wconf 86' lang='lat' dir='ltr'>magna</span> <span class='ocrx_word' id='word_1_25' title='bbox 1291 276 1450 313; x_wconf 82' lang='lat' dir='ltr'>varietas</span> 
     </span>
     <span class='ocr_line' id='line_1_4' title="bbox 129 339 1450 390; baseline -0.001 -11"><span class='ocrx_word' id='word_1_26' title='bbox 129 354 214 379; x_wconf 90' lang='lat' dir='ltr'>esse</span> <span class='ocrx_word' id='word_1_27' title='bbox 245 341 489 390; x_wconf 85' lang='lat' dir='ltr'>negotiorum</span> <span class='ocrx_word' id='word_1_28' title='bbox 520 340 559 376; x_wconf 90' lang='lat' dir='ltr'>in</span> <span class='ocrx_word' id='word_1_29' title='bbox 593 339 893 376; x_wconf 86' lang='lat' dir='ltr'>administranda</span> <span class='ocrx_word' id='word_1_30' title='bbox 922 339 1024 381; x_wconf 88' lang='lat' dir='ltr'>Asia,</span> <span class='ocrx_word' id='word_1_31' title='bbox 1056 339 1124 377; x_wconf 89' lang='lat' dir='ltr'>sed</span> <span class='ocrx_word' id='word_1_32' title='bbox 1152 351 1198 376; x_wconf 86' lang='lat' dir='ltr'>ea</span> <span class='ocrx_word' id='word_1_33' title='bbox 1226 346 1305 377; x_wconf 89' lang='lat' dir='ltr'>tota</span> <span class='ocrx_word' id='word_1_34' title='bbox 1343 340 1450 378; x_wconf 89' lang='lat' dir='ltr'>iuris-</span> 
     </span>
     <span class='ocr_line' id='line_1_5' title="bbox 130 403 1450 454; baseline -0.002 -10"><span class='ocrx_word' id='word_1_35' title='bbox 130 407 295 444; x_wconf 83' lang='lat' dir='ltr'>dictione</span> <span class='ocrx_word' id='word_1_36' title='bbox 315 405 480 442; x_wconf 82' lang='lat' dir='ltr'>maxime</span> <span class='ocrx_word' id='word_1_37' title='bbox 502 403 687 441; x_wconf 81' lang='lat' dir='ltr'>sustineri.</span> <span class='ocrx_word' id='word_1_38' title='bbox 744 403 791 440; x_wconf 89' lang='lat' dir='ltr'>In</span> <span class='ocrx_word' id='word_1_39' title='bbox 812 416 888 453; x_wconf 88' lang='lat' dir='ltr'>qua</span> <span class='ocrx_word' id='word_1_40' title='bbox 915 404 1094 441; x_wconf 83' lang='lat' dir='ltr'>scientiae</span> <span class='ocrx_word' id='word_1_41' title='bbox 1115 405 1337 453; x_wconf 88' lang='lat' dir='ltr'>praesertim</span> <span class='ocrx_word' id='word_1_42' title='bbox 1362 417 1450 454; x_wconf 90' lang='lat' dir='ltr'>pro-</span> 
     </span>
     <span class='ocr_line' id='line_1_6' title="bbox 130 468 1451 519; baseline -0.002 -10"><span class='ocrx_word' id='word_1_43' title='bbox 130 472 298 509; x_wconf 84' lang='lat' dir='ltr'>vincialis</span> <span class='ocrx_word' id='word_1_44' title='bbox 326 471 421 507; x_wconf 88' lang='lat' dir='ltr'>ratio</span> <span class='ocrx_word' id='word_1_45' title='bbox 451 470 535 519; x_wconf 87' lang='lat' dir='ltr'>ipsa</span> <span class='ocrx_word' id='word_1_46' title='bbox 572 468 752 518; x_wconf 85' lang='lat' dir='ltr'>expedita</span> <span class='ocrx_word' id='word_1_47' title='bbox 780 476 857 507; x_wconf 87' lang='lat' dir='ltr'>est:</span> <span class='ocrx_word' id='word_1_48' title='bbox 898 469 1112 507; x_wconf 82' lang='lat' dir='ltr'>constantia</span> <span class='ocrx_word' id='word_1_49' title='bbox 1141 475 1197 507; x_wconf 88' lang='lat' dir='ltr'>est</span> <span class='ocrx_word' id='word_1_50' title='bbox 1234 470 1451 508; x_wconf 81' lang='lat' dir='ltr'>adhibenda</span> 
     </span>
     <span class='ocr_line' id='line_1_7' title="bbox 129 534 1450 585; baseline -0.002 -12"><span class='ocrx_word' id='word_1_51' title='bbox 129 544 166 574; x_wconf 89' lang='lat' dir='ltr'>et</span> <span class='ocrx_word' id='word_1_52' title='bbox 203 534 368 585; x_wconf 84' lang='lat' dir='ltr'>gravitas</span> <span class='ocrx_word' id='word_1_53' title='bbox 398 547 496 584; x_wconf 86' lang='lat' dir='ltr'>quae</span> <span class='ocrx_word' id='word_1_54' title='bbox 534 534 682 571; x_wconf 84' lang='lat' dir='ltr'>resistat</span> <span class='ocrx_word' id='word_1_55' title='bbox 721 545 801 571; x_wconf 89' lang='lat' dir='ltr'>non</span> <span class='ocrx_word' id='word_1_56' title='bbox 839 534 963 571; x_wconf 91' lang='lat' dir='ltr'>solum</span> <span class='ocrx_word' id='word_1_57' title='bbox 992 535 1147 582; x_wconf 83' lang='lat' dir='ltr'>gratiae,</span> <span class='ocrx_word' id='word_1_58' title='bbox 1178 547 1309 572; x_wconf 86' lang='lat' dir='ltr'>verum</span> <span class='ocrx_word' id='word_1_59' title='bbox 1337 535 1450 572; x_wconf 89' lang='lat' dir='ltr'>etiam</span> 
     </span>
     <span class='ocr_line' id='line_1_8' title="bbox 130 598 1449 649; baseline -0.001 -12"><span class='ocrx_word' id='word_1_60' title='bbox 130 600 350 649; x_wconf 81' lang='lat' dir='ltr'>suspicioni.</span> <span class='ocrx_word' id='word_1_61' title='bbox 423 599 684 647; x_wconf 85' lang='lat' dir='ltr'>Adiungenda</span> <span class='ocrx_word' id='word_1_62' title='bbox 724 599 838 635; x_wconf 87' lang='lat' dir='ltr'>etiam</span> <span class='ocrx_word' id='word_1_63' title='bbox 881 605 938 636; x_wconf 86' lang='lat' dir='ltr'>est</span> <span class='ocrx_word' id='word_1_64' title='bbox 974 598 1130 636; x_wconf 82' lang='lat' dir='ltr'>facilitas</span> <span class='ocrx_word' id='word_1_65' title='bbox 1169 598 1207 636; x_wconf 92' lang='lat' dir='ltr'>in</span> <span class='ocrx_word' id='word_1_66' title='bbox 1246 599 1449 645; x_wconf 87' lang='lat' dir='ltr'>audiendo,</span> 
     </span>
     <span class='ocr_line' id='line_1_9' title="bbox 129 663 1450 712; baseline -0.001 -10"><span class='ocrx_word' id='word_1_67' title='bbox 129 665 261 702; x_wconf 87' lang='lat' dir='ltr'>lenitas</span> <span class='ocrx_word' id='word_1_68' title='bbox 292 665 330 701; x_wconf 91' lang='lat' dir='ltr'>in</span> <span class='ocrx_word' id='word_1_69' title='bbox 352 664 608 708; x_wconf 87' lang='lat' dir='ltr'>decernendo,</span> <span class='ocrx_word' id='word_1_70' title='bbox 637 663 675 700; x_wconf 91' lang='lat' dir='ltr'>in</span> <span class='ocrx_word' id='word_1_71' title='bbox 706 663 795 700; x_wconf 84' lang='lat' dir='ltr'>satiS</span> <span class='ocrx_word' id='word_1_72' title='bbox 825 663 1000 701; x_wconf 87' lang='lat' dir='ltr'>faciendo</span> <span class='ocrx_word' id='word_1_73' title='bbox 1032 675 1077 701; x_wconf 89' lang='lat' dir='ltr'>ac</span> <span class='ocrx_word' id='word_1_74' title='bbox 1107 663 1338 712; x_wconf 85' lang='lat' dir='ltr'>disputando</span> <span class='ocrx_word' id='word_1_75' title='bbox 1368 663 1450 701; x_wconf 90' lang='lat' dir='ltr'>dili-</span> 
     </span>
     <span class='ocr_line' id='line_1_10' title="bbox 127 727 1448 778; baseline 0 -12"><span class='ocrx_word' id='word_1_76' title='bbox 127 731 266 778; x_wconf 84' lang='lat' dir='ltr'>gentia.</span> <span class='ocrx_word' id='word_1_77' title='bbox 327 728 400 766; x_wconf 89' lang='lat' dir='ltr'>His</span> <span class='ocrx_word' id='word_1_78' title='bbox 438 729 552 765; x_wconf 80' lang='lat' dir='ltr'>rebus</span> <span class='ocrx_word' id='word_1_79' title='bbox 591 740 714 777; x_wconf 88' lang='lat' dir='ltr'>nuper</span> <span class='ocrx_word' id='word_1_80' title='bbox 744 727 787 765; x_wconf 91' lang='lat' dir='ltr'>C.</span> <span class='ocrx_word' id='word_1_81' title='bbox 817 727 1000 766; x_wconf 88' lang='lat' dir='ltr'>Octavius</span> <span class='ocrx_word' id='word_1_82' title='bbox 1033 728 1328 766; x_wconf 84' lang='lat' dir='ltr'>iucundissimus</span> <span class='ocrx_word' id='word_1_83' title='bbox 1369 728 1448 775; x_wconf 87' lang='lat' dir='ltr'>suit,</span> 
     </span>
     <span class='ocr_line' id='line_1_11' title="bbox 129 793 1449 843; baseline 0 -12"><span class='ocrx_word' id='word_1_84' title='bbox 129 794 231 843; x_wconf 90' lang='lat' dir='ltr'>apud</span> <span class='ocrx_word' id='word_1_85' title='bbox 260 806 376 843; x_wconf 89' lang='lat' dir='ltr'>quem</span> <span class='ocrx_word' id='word_1_86' title='bbox 405 794 550 843; x_wconf 87' lang='lat' dir='ltr'>primus</span> <span class='ocrx_word' id='word_1_87' title='bbox 579 793 687 830; x_wconf 87' lang='lat' dir='ltr'>lictor</span> <span class='ocrx_word' id='word_1_88' title='bbox 717 793 866 841; x_wconf 87' lang='lat' dir='ltr'>quievit,</span> <span class='ocrx_word' id='word_1_89' title='bbox 897 793 1013 830; x_wconf 89' lang='lat' dir='ltr'>tacuit</span> <span class='ocrx_word' id='word_1_90' title='bbox 1042 805 1239 839; x_wconf 86' lang='lat' dir='ltr'>accensus,</span> <span class='ocrx_word' id='word_1_91' title='bbox 1270 794 1449 843; x_wconf 86' lang='lat' dir='ltr'>quotiens</span> 
     </span>
     <span class='ocr_line' id='line_1_12' title="bbox 128 857 1449 908; baseline 0 -12"><span class='ocrx_word' id='word_1_92' title='bbox 128 860 289 908; x_wconf 87' lang='lat' dir='ltr'>quisque</span> <span class='ocrx_word' id='word_1_93' title='bbox 314 858 430 896; x_wconf 89' lang='lat' dir='ltr'>voluit</span> <span class='ocrx_word' id='word_1_94' title='bbox 459 858 552 895; x_wconf 82' lang='lat' dir='ltr'>dixit</span> <span class='ocrx_word' id='word_1_95' title='bbox 581 864 618 895; x_wconf 91' lang='lat' dir='ltr'>et</span> <span class='ocrx_word' id='word_1_96' title='bbox 646 869 762 906; x_wconf 89' lang='lat' dir='ltr'>quarn</span> <span class='ocrx_word' id='word_1_97' title='bbox 792 857 908 895; x_wconf 88' lang='lat' dir='ltr'>voluit</span> <span class='ocrx_word' id='word_1_98' title='bbox 937 857 1014 895; x_wconf 88' lang='lat' dir='ltr'>diu.</span> <span class='ocrx_word' id='word_1_99' title='bbox 1074 857 1225 904; x_wconf 85' lang='lat' dir='ltr'>Quibus</span> <span class='ocrx_word' id='word_1_100' title='bbox 1246 858 1307 895; x_wconf 89' lang='lat' dir='ltr'>ille</span> <span class='ocrx_word' id='word_1_101' title='bbox 1335 859 1449 896; x_wconf 88' lang='lat' dir='ltr'>rebus</span> 
     </span>
     <span class='ocr_line' id='line_1_13' title="bbox 128 922 1450 968; baseline -0.001 -7"><span class='ocrx_word' id='word_1_102' title='bbox 128 924 289 961; x_wconf 89' lang='lat' dir='ltr'>fortasse</span> <span class='ocrx_word' id='word_1_103' title='bbox 309 923 423 960; x_wconf 89' lang='lat' dir='ltr'>nimis</span> <span class='ocrx_word' id='word_1_104' title='bbox 452 922 546 960; x_wconf 90' lang='lat' dir='ltr'>lenis</span> <span class='ocrx_word' id='word_1_105' title='bbox 577 922 773 968; x_wconf 85' lang='lat' dir='ltr'>videretur,</span> <span class='ocrx_word' id='word_1_106' title='bbox 795 922 868 959; x_wconf 92' lang='lat' dir='ltr'>nisi</span> <span class='ocrx_word' id='word_1_107' title='bbox 897 922 992 960; x_wconf 86' lang='lat' dir='ltr'>haec</span> <span class='ocrx_word' id='word_1_108' title='bbox 1018 922 1152 960; x_wconf 88' lang='lat' dir='ltr'>lenitas</span> <span class='ocrx_word' id='word_1_109' title='bbox 1183 923 1284 960; x_wconf 88' lang='lat' dir='ltr'>illam</span> <span class='ocrx_word' id='word_1_110' title='bbox 1314 923 1450 960; x_wconf 87' lang='lat' dir='ltr'>severi-</span> 
     </span>
     <span class='ocr_line' id='line_1_14' title="bbox 128 986 1449 1037; baseline -0.002 -10"><span class='ocrx_word' id='word_1_111' title='bbox 128 996 244 1027; x_wconf 81' lang='lat' dir='ltr'>tatem</span> <span class='ocrx_word' id='word_1_112' title='bbox 273 995 448 1026; x_wconf 88' lang='lat' dir='ltr'>tueretur.</span> <span class='ocrx_word' id='word_1_113' title='bbox 507 987 756 1036; x_wconf 84' lang='lat' dir='ltr'>Cogebantur</span> <span class='ocrx_word' id='word_1_114' title='bbox 787 986 931 1024; x_wconf 89' lang='lat' dir='ltr'>Sullani</span> <span class='ocrx_word' id='word_1_115' title='bbox 958 986 1134 1025; x_wconf 88' lang='lat' dir='ltr'>homines</span> <span class='ocrx_word' id='word_1_116' title='bbox 1161 1000 1259 1037; x_wconf 90' lang='lat' dir='ltr'>quae</span> <span class='ocrx_word' id='word_1_117' title='bbox 1287 1000 1354 1037; x_wconf 90' lang='lat' dir='ltr'>per</span> <span class='ocrx_word' id='word_1_118' title='bbox 1373 989 1449 1025; x_wconf 89' lang='lat' dir='ltr'>vim</span> 
     </span>
     <span class='ocr_line' id='line_1_15' title="bbox 127 1051 1447 1101; baseline -0.002 -10"><span class='ocrx_word' id='word_1_119' title='bbox 127 1062 164 1091; x_wconf 88' lang='lat' dir='ltr'>et</span> <span class='ocrx_word' id='word_1_120' title='bbox 192 1060 338 1091; x_wconf 90' lang='lat' dir='ltr'>metum</span> <span class='ocrx_word' id='word_1_121' title='bbox 368 1052 600 1090; x_wconf 89' lang='lat' dir='ltr'>abstulerant</span> <span class='ocrx_word' id='word_1_122' title='bbox 628 1052 796 1090; x_wconf 85' lang='lat' dir='ltr'>reddere.</span> <span class='ocrx_word' id='word_1_123' title='bbox 855 1051 933 1098; x_wconf 86' lang='lat' dir='ltr'>Qui</span> <span class='ocrx_word' id='word_1_124' title='bbox 963 1052 1001 1089; x_wconf 91' lang='lat' dir='ltr'>in</span> <span class='ocrx_word' id='word_1_125' title='bbox 1030 1053 1311 1101; x_wconf 85' lang='lat' dir='ltr'>magistratibus</span> <span class='ocrx_word' id='word_1_126' title='bbox 1351 1053 1447 1090; x_wconf 89' lang='lat' dir='ltr'>iniu-</span> 
     </span>
     <span class='ocr_line' id='line_1_16' title="bbox 128 1116 1446 1166; baseline 0 -12"><span class='ocrx_word' id='word_1_127' title='bbox 128 1121 226 1156; x_wconf 85' lang='lat' dir='ltr'>riose</span> <span class='ocrx_word' id='word_1_128' title='bbox 256 1118 510 1162; x_wconf 77' lang='lat' dir='ltr'>decreverant,</span> <span class='ocrx_word' id='word_1_129' title='bbox 539 1116 678 1154; x_wconf 86' lang='lat' dir='ltr'>eodem</span> <span class='ocrx_word' id='word_1_130' title='bbox 707 1117 798 1165; x_wconf 80' lang='lat' dir='ltr'>ipsis</span> <span class='ocrx_word' id='word_1_131' title='bbox 827 1117 978 1165; x_wconf 89' lang='lat' dir='ltr'>privatis</span> <span class='ocrx_word' id='word_1_132' title='bbox 1008 1123 1086 1154; x_wconf 80' lang='lat' dir='ltr'>erat</span> <span class='ocrx_word' id='word_1_133' title='bbox 1115 1118 1193 1154; x_wconf 88' lang='lat' dir='ltr'>iure</span> <span class='ocrx_word' id='word_1_134' title='bbox 1222 1117 1446 1166; x_wconf 89' lang='lat' dir='ltr'>parendum.</span> 
     </span>
     <span class='ocr_line' id='line_1_17' title="bbox 128 1181 1447 1228; baseline -0.002 -7"><span class='ocrx_word' id='word_1_135' title='bbox 128 1184 238 1221; x_wconf 80' lang='lat' dir='ltr'>Haec</span> <span class='ocrx_word' id='word_1_136' title='bbox 276 1183 372 1220; x_wconf 89' lang='lat' dir='ltr'>illius</span> <span class='ocrx_word' id='word_1_137' title='bbox 411 1182 587 1220; x_wconf 84' lang='lat' dir='ltr'>severitas</span> <span class='ocrx_word' id='word_1_138' title='bbox 626 1182 763 1218; x_wconf 85' lang='lat' dir='ltr'>acerba</span> <span class='ocrx_word' id='word_1_139' title='bbox 802 1181 1001 1228; x_wconf 89' lang='lat' dir='ltr'>videretur,</span> <span class='ocrx_word' id='word_1_140' title='bbox 1037 1182 1110 1218; x_wconf 90' lang='lat' dir='ltr'>nisi</span> <span class='ocrx_word' id='word_1_141' title='bbox 1147 1182 1275 1219; x_wconf 87' lang='lat' dir='ltr'>multis</span> <span class='ocrx_word' id='word_1_142' title='bbox 1314 1181 1447 1220; x_wconf 89' lang='lat' dir='ltr'>condi-</span> 
     </span>
     <span class='ocr_line' id='line_1_18' title="bbox 127 1246 1448 1296; baseline -0.002 -9"><span class='ocrx_word' id='word_1_143' title='bbox 127 1250 265 1287; x_wconf 84' lang='lat' dir='ltr'>mentis</span> <span class='ocrx_word' id='word_1_144' title='bbox 287 1248 531 1286; x_wconf 85' lang='lat' dir='ltr'>humanitatis</span> <span class='ocrx_word' id='word_1_145' title='bbox 552 1248 800 1296; x_wconf 84' lang='lat' dir='ltr'>mitigaretur.</span> <span class='ocrx_word' id='word_1_146' title='bbox 859 1246 977 1293; x_wconf 89' lang='lat' dir='ltr'>Quod</span> <span class='ocrx_word' id='word_1_147' title='bbox 999 1248 1029 1284; x_wconf 92' lang='lat' dir='ltr'>si</span> <span class='ocrx_word' id='word_1_148' title='bbox 1051 1247 1146 1285; x_wconf 87' lang='lat' dir='ltr'>haec</span> <span class='ocrx_word' id='word_1_149' title='bbox 1177 1247 1312 1285; x_wconf 87' lang='lat' dir='ltr'>lenitas</span> <span class='ocrx_word' id='word_1_150' title='bbox 1342 1254 1448 1296; x_wconf 82' lang='lat' dir='ltr'>grata</span> 
     </span>
     <span class='ocr_line' id='line_1_19' title="bbox 128 1313 1447 1361; baseline -0.002 -9"><span class='ocrx_word' id='word_1_151' title='bbox 128 1315 277 1352; x_wconf 82' lang='lat' dir='ltr'>Romae</span> <span class='ocrx_word' id='word_1_152' title='bbox 303 1321 370 1359; x_wconf 89' lang='lat' dir='ltr'>est,</span> <span class='ocrx_word' id='word_1_153' title='bbox 391 1313 456 1350; x_wconf 92' lang='lat' dir='ltr'>ubi</span> <span class='ocrx_word' id='word_1_154' title='bbox 483 1319 587 1350; x_wconf 84' lang='lat' dir='ltr'>tanta</span> <span class='ocrx_word' id='word_1_155' title='bbox 614 1313 832 1361; x_wconf 83' lang='lat' dir='ltr'>arrogantia</span> <span class='ocrx_word' id='word_1_156' title='bbox 861 1318 929 1357; x_wconf 88' lang='lat' dir='ltr'>est,</span> <span class='ocrx_word' id='word_1_157' title='bbox 951 1318 1029 1349; x_wconf 88' lang='lat' dir='ltr'>tam</span> <span class='ocrx_word' id='word_1_158' title='bbox 1059 1313 1310 1350; x_wconf 84' lang='lat' dir='ltr'>immoderata</span> <span class='ocrx_word' id='word_1_159' title='bbox 1336 1313 1447 1350; x_wconf 89' lang='lat' dir='ltr'>liber-</span> 
     </span>
     <span class='ocr_line' id='line_1_20' title="bbox 126 1377 1446 1427; baseline -0.002 -10"><span class='ocrx_word' id='word_1_160' title='bbox 126 1388 193 1425; x_wconf 88' lang='lat' dir='ltr'>tas,</span> <span class='ocrx_word' id='word_1_161' title='bbox 216 1387 295 1417; x_wconf 84' lang='lat' dir='ltr'>tam</span> <span class='ocrx_word' id='word_1_162' title='bbox 323 1379 469 1415; x_wconf 87' lang='lat' dir='ltr'>infinita</span> <span class='ocrx_word' id='word_1_163' title='bbox 498 1377 697 1415; x_wconf 87' lang='lat' dir='ltr'>hominum</span> <span class='ocrx_word' id='word_1_164' title='bbox 727 1377 887 1422; x_wconf 80' lang='lat' dir='ltr'>licentia,</span> <span class='ocrx_word' id='word_1_165' title='bbox 911 1377 1075 1427; x_wconf 87' lang='lat' dir='ltr'>denique</span> <span class='ocrx_word' id='word_1_166' title='bbox 1105 1384 1160 1415; x_wconf 86' lang='lat' dir='ltr'>tot</span> <span class='ocrx_word' id='word_1_167' title='bbox 1189 1378 1446 1427; x_wconf 82' lang='lat' dir='ltr'>magistratus,</span> 
     </span>
     <span class='ocr_line' id='line_1_21' title="bbox 126 1442 1448 1492; baseline -0.002 -10"><span class='ocrx_word' id='word_1_168' title='bbox 126 1452 181 1483; x_wconf 89' lang='lat' dir='ltr'>tot</span> <span class='ocrx_word' id='word_1_169' title='bbox 210 1445 360 1489; x_wconf 84' lang='lat' dir='ltr'>auxilia,</span> <span class='ocrx_word' id='word_1_170' title='bbox 384 1450 486 1481; x_wconf 85' lang='lat' dir='ltr'>tanta</span> <span class='ocrx_word' id='word_1_171' title='bbox 510 1444 575 1489; x_wconf 86' lang='lat' dir='ltr'>vis,</span> <span class='ocrx_word' id='word_1_172' title='bbox 599 1450 704 1480; x_wconf 84' lang='lat' dir='ltr'>tanta</span> <span class='ocrx_word' id='word_1_173' title='bbox 727 1449 880 1480; x_wconf 84' lang='lat' dir='ltr'>senatus</span> <span class='ocrx_word' id='word_1_174' title='bbox 905 1443 1118 1488; x_wconf 86' lang='lat' dir='ltr'>auctoritas,</span> <span class='ocrx_word' id='word_1_175' title='bbox 1141 1455 1257 1492; x_wconf 84' lang='lat' dir='ltr'>quam</span> <span class='ocrx_word' id='word_1_176' title='bbox 1281 1442 1448 1480; x_wconf 86' lang='lat' dir='ltr'>iucunda</span> 
     </span>
     <span class='ocr_line' id='line_1_22' title="bbox 126 1508 1447 1559; baseline -0.001 -12"><span class='ocrx_word' id='word_1_177' title='bbox 126 1510 280 1548; x_wconf 82' lang='lat' dir='ltr'>tandem</span> <span class='ocrx_word' id='word_1_178' title='bbox 310 1509 494 1559; x_wconf 84' lang='lat' dir='ltr'>praetoris</span> <span class='ocrx_word' id='word_1_179' title='bbox 525 1508 686 1546; x_wconf 82' lang='lat' dir='ltr'>comitas</span> <span class='ocrx_word' id='word_1_180' title='bbox 715 1508 755 1544; x_wconf 89' lang='lat' dir='ltr'>in</span> <span class='ocrx_word' id='word_1_181' title='bbox 784 1508 878 1545; x_wconf 82' lang='lat' dir='ltr'>Asia</span> <span class='ocrx_word' id='word_1_182' title='bbox 906 1514 1032 1557; x_wconf 89' lang='lat' dir='ltr'>potest</span> <span class='ocrx_word' id='word_1_183' title='bbox 1058 1520 1152 1553; x_wconf 85' lang='lat' dir='ltr'>esse,</span> <span class='ocrx_word' id='word_1_184' title='bbox 1174 1509 1213 1545; x_wconf 91' lang='lat' dir='ltr'>in</span> <span class='ocrx_word' id='word_1_185' title='bbox 1243 1521 1318 1558; x_wconf 87' lang='lat' dir='ltr'>qua</span> <span class='ocrx_word' id='word_1_186' title='bbox 1342 1515 1447 1546; x_wconf 84' lang='lat' dir='ltr'>tanta</span> 
     </span>
     <span class='ocr_line' id='line_1_23' title="bbox 125 1573 1447 1620; baseline -0.002 -6"><span class='ocrx_word' id='word_1_187' title='bbox 125 1575 327 1614; x_wconf 84' lang='lat' dir='ltr'>multitudo</span> <span class='ocrx_word' id='word_1_188' title='bbox 368 1575 517 1620; x_wconf 77' lang='lat' dir='ltr'>civium,</span> <span class='ocrx_word' id='word_1_189' title='bbox 553 1580 657 1611; x_wconf 85' lang='lat' dir='ltr'>tanta</span> <span class='ocrx_word' id='word_1_190' title='bbox 695 1573 900 1619; x_wconf 91' lang='lat' dir='ltr'>sociorum,</span> <span class='ocrx_word' id='word_1_191' title='bbox 931 1579 987 1610; x_wconf 89' lang='lat' dir='ltr'>tot</span> <span class='ocrx_word' id='word_1_192' title='bbox 1024 1574 1148 1618; x_wconf 89' lang='lat' dir='ltr'>urbes,</span> <span class='ocrx_word' id='word_1_193' title='bbox 1184 1579 1239 1610; x_wconf 89' lang='lat' dir='ltr'>tot</span> <span class='ocrx_word' id='word_1_194' title='bbox 1277 1574 1447 1612; x_wconf 82' lang='lat' dir='ltr'>civitates</span> 
     </span>
     <span class='ocr_line' id='line_1_24' title="bbox 126 1638 1446 1685; baseline -0.002 -7"><span class='ocrx_word' id='word_1_195' title='bbox 126 1642 237 1679; x_wconf 84' lang='lat' dir='ltr'>unius</span> <span class='ocrx_word' id='word_1_196' title='bbox 269 1640 438 1678; x_wconf 89' lang='lat' dir='ltr'>hominis</span> <span class='ocrx_word' id='word_1_197' title='bbox 473 1646 608 1676; x_wconf 88' lang='lat' dir='ltr'>nutum</span> <span class='ocrx_word' id='word_1_198' title='bbox 646 1638 851 1684; x_wconf 88' lang='lat' dir='ltr'>intuentur,</span> <span class='ocrx_word' id='word_1_199' title='bbox 881 1638 945 1675; x_wconf 93' lang='lat' dir='ltr'>ubi</span> <span class='ocrx_word' id='word_1_200' title='bbox 979 1638 1125 1674; x_wconf 86' lang='lat' dir='ltr'>nullum</span> <span class='ocrx_word' id='word_1_201' title='bbox 1156 1638 1337 1675; x_wconf 85' lang='lat' dir='ltr'>auxilium</span> <span class='ocrx_word' id='word_1_202' title='bbox 1377 1646 1446 1685; x_wconf 90' lang='lat' dir='ltr'>est,</span> 
     </span>
     <span class='ocr_line' id='line_1_25' title="bbox 125 1703 1447 1755; baseline -0.001 -12"><span class='ocrx_word' id='word_1_203' title='bbox 125 1707 227 1743; x_wconf 86' lang='lat' dir='ltr'>nulla</span> <span class='ocrx_word' id='word_1_204' title='bbox 257 1705 496 1755; x_wconf 87' lang='lat' dir='ltr'>conquestio,</span> <span class='ocrx_word' id='word_1_205' title='bbox 517 1704 641 1741; x_wconf 85' lang='lat' dir='ltr'>nullus</span> <span class='ocrx_word' id='word_1_206' title='bbox 671 1711 838 1748; x_wconf 88' lang='lat' dir='ltr'>senatus,</span> <span class='ocrx_word' id='word_1_207' title='bbox 859 1703 962 1740; x_wconf 90' lang='lat' dir='ltr'>nulla</span> <span class='ocrx_word' id='word_1_208' title='bbox 990 1703 1148 1740; x_wconf 90' lang='lat' dir='ltr'>contio?</span> <span class='ocrx_word' id='word_1_209' title='bbox 1206 1703 1337 1750; x_wconf 87' lang='lat' dir='ltr'>Quare</span> <span class='ocrx_word' id='word_1_210' title='bbox 1363 1717 1447 1754; x_wconf 90' lang='lat' dir='ltr'>per-</span> 
     </span>
     <span class='ocr_line' id='line_1_26' title="bbox 125 1767 1447 1820; baseline -0.001 -12"><span class='ocrx_word' id='word_1_211' title='bbox 125 1772 255 1820; x_wconf 80' lang='lat' dir='ltr'>magni</span> <span class='ocrx_word' id='word_1_212' title='bbox 278 1770 444 1808; x_wconf 86' lang='lat' dir='ltr'>hominis</span> <span class='ocrx_word' id='word_1_213' title='bbox 473 1776 529 1807; x_wconf 85' lang='lat' dir='ltr'>est</span> <span class='ocrx_word' id='word_1_214' title='bbox 556 1776 593 1807; x_wconf 87' lang='lat' dir='ltr'>et</span> <span class='ocrx_word' id='word_1_215' title='bbox 620 1781 739 1818; x_wconf 87' lang='lat' dir='ltr'>quum</span> <span class='ocrx_word' id='word_1_216' title='bbox 767 1769 850 1817; x_wconf 88' lang='lat' dir='ltr'>ipsa</span> <span class='ocrx_word' id='word_1_217' title='bbox 878 1774 1012 1804; x_wconf 88' lang='lat' dir='ltr'>natura</span> <span class='ocrx_word' id='word_1_218' title='bbox 1038 1767 1225 1805; x_wconf 88' lang='lat' dir='ltr'>moderati</span> <span class='ocrx_word' id='word_1_219' title='bbox 1249 1776 1330 1806; x_wconf 85' lang='lat' dir='ltr'>tum</span> <span class='ocrx_word' id='word_1_220' title='bbox 1356 1781 1447 1808; x_wconf 89' lang='lat' dir='ltr'>vero</span> 
     </span>
     <span class='ocr_line' id='line_1_27' title="bbox 126 1832 1448 1884; baseline -0.002 -10"><span class='ocrx_word' id='word_1_221' title='bbox 126 1837 240 1874; x_wconf 87' lang='lat' dir='ltr'>etiam</span> <span class='ocrx_word' id='word_1_222' title='bbox 261 1836 434 1873; x_wconf 84' lang='lat' dir='ltr'>doctrina</span> <span class='ocrx_word' id='word_1_223' title='bbox 453 1842 566 1884; x_wconf 88' lang='lat' dir='ltr'>atque</span> <span class='ocrx_word' id='word_1_224' title='bbox 587 1834 818 1883; x_wconf 86' lang='lat' dir='ltr'>optimarum</span> <span class='ocrx_word' id='word_1_225' title='bbox 840 1833 975 1870; x_wconf 85' lang='lat' dir='ltr'>artium</span> <span class='ocrx_word' id='word_1_226' title='bbox 1004 1832 1136 1870; x_wconf 88' lang='lat' dir='ltr'>studiis</span> <span class='ocrx_word' id='word_1_227' title='bbox 1165 1834 1300 1871; x_wconf 87' lang='lat' dir='ltr'>eruditi</span> <span class='ocrx_word' id='word_1_228' title='bbox 1327 1834 1379 1871; x_wconf 88' lang='lat' dir='ltr'>sic</span> <span class='ocrx_word' id='word_1_229' title='bbox 1406 1845 1448 1872; x_wconf 88' lang='lat' dir='ltr'>se</span> 
     </span>
     <span class='ocr_line' id='line_1_28' title="bbox 127 1897 1448 1948; baseline -0.002 -9"><span class='ocrx_word' id='word_1_230' title='bbox 127 1901 306 1939; x_wconf 87' lang='lat' dir='ltr'>adhibere</span> <span class='ocrx_word' id='word_1_231' title='bbox 334 1901 373 1938; x_wconf 92' lang='lat' dir='ltr'>in</span> <span class='ocrx_word' id='word_1_232' title='bbox 399 1907 503 1938; x_wconf 90' lang='lat' dir='ltr'>tanta</span> <span class='ocrx_word' id='word_1_233' title='bbox 529 1905 729 1948; x_wconf 81' lang='lat' dir='ltr'>potestate,</span> <span class='ocrx_word' id='word_1_234' title='bbox 751 1906 792 1935; x_wconf 86' lang='lat' dir='ltr'>ut</span> <span class='ocrx_word' id='word_1_235' title='bbox 821 1898 923 1935; x_wconf 87' lang='lat' dir='ltr'>nulla</span> <span class='ocrx_word' id='word_1_236' title='bbox 950 1897 1021 1935; x_wconf 84' lang='lat' dir='ltr'>alia</span> <span class='ocrx_word' id='word_1_237' title='bbox 1041 1904 1211 1947; x_wconf 87' lang='lat' dir='ltr'>potestas</span> <span class='ocrx_word' id='word_1_238' title='bbox 1231 1899 1279 1936; x_wconf 84' lang='lat' dir='ltr'>ab</span> <span class='ocrx_word' id='word_1_239' title='bbox 1299 1899 1343 1936; x_wconf 91' lang='lat' dir='ltr'>iis</span> <span class='ocrx_word' id='word_1_240' title='bbox 1364 1898 1448 1948; x_wconf 91' lang='lat' dir='ltr'>qui-</span> 
     </span>
     <span class='ocr_line' id='line_1_29' title="bbox 126 1965 673 2015; baseline -0.005 -11"><span class='ocrx_word' id='word_1_241' title='bbox 126 1967 197 2004; x_wconf 91' lang='lat' dir='ltr'>bus</span> <span class='ocrx_word' id='word_1_242' title='bbox 218 1967 248 2003; x_wconf 91' lang='lat' dir='ltr'>is</span> <span class='ocrx_word' id='word_1_243' title='bbox 269 1966 410 2015; x_wconf 85' lang='lat' dir='ltr'>praesit</span> <span class='ocrx_word' id='word_1_244' title='bbox 429 1965 673 2003; x_wconf 87' lang='lat' dir='ltr'>desideretur.</span> 
     </span>
    </p>

    <p class='ocr_par' dir='ltr' id='par_1_3' title="bbox 125 2028 1454 2403">
     <span class='ocr_line' id='line_1_30' title="bbox 181 2028 1448 2080; baseline -0.002 -11"><span class='ocrx_word' id='word_1_245' title='bbox 181 2033 216 2069; x_wconf 88' lang='lat'>8.</span> <span class='ocrx_word' id='word_1_246' title='bbox 247 2030 369 2080; x_wconf 86' lang='lat' dir='ltr'>Cyrus</span> <span class='ocrx_word' id='word_1_247' title='bbox 399 2031 459 2068; x_wconf 90' lang='lat' dir='ltr'>ille</span> <span class='ocrx_word' id='word_1_248' title='bbox 489 2043 512 2067; x_wconf 87' lang='lat' dir='ltr'>a</span> <span class='ocrx_word' id='word_1_249' title='bbox 540 2028 802 2078; x_wconf 89' lang='lat' dir='ltr'>Xenophonte</span> <span class='ocrx_word' id='word_1_250' title='bbox 831 2041 911 2066; x_wconf 92' lang='lat' dir='ltr'>non</span> <span class='ocrx_word' id='word_1_251' title='bbox 937 2028 987 2066; x_wconf 90' lang='lat' dir='ltr'>ad</span> <span class='ocrx_word' id='word_1_252' title='bbox 1010 2028 1190 2067; x_wconf 85' lang='lat' dir='ltr'>historiae</span> <span class='ocrx_word' id='word_1_253' title='bbox 1216 2028 1332 2066; x_wconf 87' lang='lat' dir='ltr'>fidem</span> <span class='ocrx_word' id='word_1_254' title='bbox 1359 2029 1448 2067; x_wconf 89' lang='lat' dir='ltr'>scri-</span> 
     </span>
     <span class='ocr_line' id='line_1_31' title="bbox 127 2094 1447 2146; baseline -0.002 -12"><span class='ocrx_word' id='word_1_255' title='bbox 127 2105 228 2146; x_wconf 91' lang='lat' dir='ltr'>ptus,</span> <span class='ocrx_word' id='word_1_256' title='bbox 251 2096 319 2133; x_wconf 84' lang='lat' dir='ltr'>sed</span> <span class='ocrx_word' id='word_1_257' title='bbox 339 2095 388 2133; x_wconf 89' lang='lat' dir='ltr'>ad</span> <span class='ocrx_word' id='word_1_258' title='bbox 412 2095 575 2145; x_wconf 81' lang='lat' dir='ltr'>effigiem</span> <span class='ocrx_word' id='word_1_259' title='bbox 603 2095 690 2132; x_wconf 89' lang='lat' dir='ltr'>iusti</span> <span class='ocrx_word' id='word_1_260' title='bbox 718 2094 877 2143; x_wconf 89' lang='lat' dir='ltr'>imperii,</span> <span class='ocrx_word' id='word_1_261' title='bbox 899 2094 1004 2131; x_wconf 89' lang='lat' dir='ltr'>cuius</span> <span class='ocrx_word' id='word_1_262' title='bbox 1032 2106 1183 2131; x_wconf 86' lang='lat' dir='ltr'>summa</span> <span class='ocrx_word' id='word_1_263' title='bbox 1207 2095 1371 2142; x_wconf 83' lang='lat' dir='ltr'>gravitas</span> <span class='ocrx_word' id='word_1_264' title='bbox 1399 2095 1447 2131; x_wconf 92' lang='lat' dir='ltr'>ab</span> 
     </span>
     <span class='ocr_line' id='line_1_32' title="bbox 126 2159 1454 2210; baseline -0.003 -12"><span class='ocrx_word' id='word_1_265' title='bbox 126 2161 189 2198; x_wconf 90' lang='lat' dir='ltr'>illo</span> <span class='ocrx_word' id='word_1_266' title='bbox 227 2160 459 2210; x_wconf 89' lang='lat' dir='ltr'>philosopho</span> <span class='ocrx_word' id='word_1_267' title='bbox 499 2172 587 2198; x_wconf 90' lang='lat' dir='ltr'>curn</span> <span class='ocrx_word' id='word_1_268' title='bbox 627 2159 807 2208; x_wconf 85' lang='lat' dir='ltr'>singulari</span> <span class='ocrx_word' id='word_1_269' title='bbox 848 2159 1025 2196; x_wconf 88' lang='lat' dir='ltr'>comitate</span> <span class='ocrx_word' id='word_1_270' title='bbox 1064 2159 1318 2207; x_wconf 84' lang='lat' dir='ltr'>coniungitur,</span> <span class='ocrx_word' id='word_1_271' title='bbox 1344 2171 1454 2208; x_wconf 68' lang='lat' dir='ltr'>„quos</span> 
     </span>
     <span class='ocr_line' id='line_1_33' title="bbox 126 2223 1447 2275; baseline -0.003 -12"><span class='ocrx_word' id='word_1_272' title='bbox 126 2226 282 2275; x_wconf 84' lang='lat' dir='ltr'>quidem</span> <span class='ocrx_word' id='word_1_273' title='bbox 302 2226 417 2263; x_wconf 85' lang='lat' dir='ltr'>libros</span> <span class='ocrx_word' id='word_1_274' title='bbox 445 2237 525 2262; x_wconf 90' lang='lat' dir='ltr'>non</span> <span class='ocrx_word' id='word_1_275' title='bbox 553 2225 634 2262; x_wconf 89' lang='lat' dir='ltr'>sine</span> <span class='ocrx_word' id='word_1_276' title='bbox 664 2236 780 2261; x_wconf 86' lang='lat' dir='ltr'>causa</span> <span class='ocrx_word' id='word_1_277' title='bbox 799 2232 928 2261; x_wconf 87' lang='lat' dir='ltr'>noster</span> <span class='ocrx_word' id='word_1_278' title='bbox 949 2223 1008 2261; x_wconf 91' lang='lat' dir='ltr'>ille</span> <span class='ocrx_word' id='word_1_279' title='bbox 1029 2223 1232 2273; x_wconf 78' lang='lat' dir='ltr'>Africanus</span> <span class='ocrx_word' id='word_1_280' title='bbox 1259 2223 1306 2260; x_wconf 93' lang='lat' dir='ltr'>de</span> <span class='ocrx_word' id='word_1_281' title='bbox 1326 2224 1447 2267; x_wconf 82' lang='lat' dir='ltr'>mani-</span> 
     </span>
     <span class='ocr_line' id='line_1_34' title="bbox 125 2288 1446 2343; baseline -0.002 -15"><span class='ocrx_word' id='word_1_282' title='bbox 125 2292 196 2328; x_wconf 86' lang='lat' dir='ltr'>bus</span> <span class='ocrx_word' id='word_1_283' title='bbox 235 2303 378 2340; x_wconf 87' lang='lat' dir='ltr'>ponere</span> <span class='ocrx_word' id='word_1_284' title='bbox 408 2302 506 2343; x_wconf 60' lang='lat' dir='ltr'>UOR-</span> <span class='ocrx_word' id='word_1_285' title='bbox 528 2289 696 2327; x_wconf 80' lang='lat' dir='ltr'>solebat:</span> <span class='ocrx_word' id='word_1_286' title='bbox 727 2289 873 2326; x_wconf 89' lang='lat' dir='ltr'>nullum</span> <span class='ocrx_word' id='word_1_287' title='bbox 911 2295 968 2325; x_wconf 89' lang='lat' dir='ltr'>est</span> <span class='ocrx_word' id='word_1_288' title='bbox 996 2288 1100 2325; x_wconf 90' lang='lat' dir='ltr'>enim</span> <span class='ocrx_word' id='word_1_289' title='bbox 1139 2289 1446 2337; x_wconf 79' lang='lat' dir='ltr'>praetermissum</span> 
     </span>
     <span class='ocr_line' id='line_1_35' title="bbox 126 2345 1447 2403; baseline 0 -11"><span class='ocrx_word' id='word_1_290' title='bbox 126 2356 166 2392; x_wconf 89' lang='lat' dir='ltr'>in</span> <span class='ocrx_word' id='word_1_291' title='bbox 195 2355 253 2393; x_wconf 86' lang='lat' dir='ltr'>his</span> <span class='ocrx_word' id='word_1_292' title='bbox 283 2355 450 2393; x_wconf 86' lang='lat' dir='ltr'>officium</span> <span class='ocrx_word' id='word_1_293' title='bbox 480 2345 670 2403; x_wconf 84' lang='lat' dir='ltr'>diligentis</span> <span class='ocrx_word' id='word_1_294' title='bbox 699 2360 736 2391; x_wconf 92' lang='lat' dir='ltr'>et</span> <span class='ocrx_word' id='word_1_295' title='bbox 765 2353 950 2391; x_wconf 85' lang='lat' dir='ltr'>moderati</span> <span class='ocrx_word' id='word_1_296' title='bbox 981 2353 1153 2403; x_wconf 87' lang='lat' dir='ltr'>imperii:</span> <span class='ocrx_word' id='word_1_297' title='bbox 1183 2365 1303 2403; x_wconf 87' lang='lat' dir='ltr'>eaque</span> <span class='ocrx_word' id='word_1_298' title='bbox 1332 2353 1364 2391; x_wconf 89' lang='lat' dir='ltr'>si</span> <span class='ocrx_word' id='word_1_299' title='bbox 1392 2353 1447 2392; x_wconf 88' lang='lat' dir='ltr'>sic</span> 
     </span>
    </p>
   </div>
   <div class='ocr_carea' id='block_1_3' title="bbox 1472 482 1532 514">
    <p class='ocr_par' dir='ltr' id='par_1_4' title="bbox 1472 482 1532 514">
     <span class='ocr_line' id='line_1_36' title="bbox 1472 482 1532 514; baseline 0 -8"><span class='ocrx_word' id='word_1_300' title='bbox 1472 482 1532 514; x_wconf 78' lang='lat'>225</span> 
     </span>
    </p>
   </div>
   <div class='ocr_carea' id='block_1_4' title="bbox 1470 807 1532 838">
    <p class='ocr_par' dir='ltr' id='par_1_5' title="bbox 1470 807 1532 838">
     <span class='ocr_line' id='line_1_37' title="bbox 1470 807 1532 838; baseline 0 -10"><span class='ocrx_word' id='word_1_301' title='bbox 1470 807 1532 838; x_wconf 78' lang='lat'>²30</span> 
     </span>
    </p>
   </div>
   <div class='ocr_carea' id='block_1_5' title="bbox 1467 1130 1526 1162">
    <p class='ocr_par' dir='ltr' id='par_1_6' title="bbox 1467 1130 1526 1162">
     <span class='ocr_line' id='line_1_38' title="bbox 1467 1130 1526 1162; baseline 0.017 -1"><span class='ocrx_word' id='word_1_302' title='bbox 1467 1130 1526 1162; x_wconf 80' lang='lat'>²35</span> 
     </span>
    </p>
   </div>
   <div class='ocr_carea' id='block_1_6' title="bbox 1467 1453 1528 1483">
    <p class='ocr_par' dir='ltr' id='par_1_7' title="bbox 1467 1453 1528 1483">
     <span class='ocr_line' id='line_1_39' title="bbox 1467 1453 1528 1483; baseline 0.016 -8"><span class='ocrx_word' id='word_1_303' title='bbox 1467 1453 1528 1483; x_wconf 76' lang='lat'>240</span> 
     </span>
    </p>
   </div>
   <div class='ocr_carea' id='block_1_7' title="bbox 1468 1781 1526 1815">
    <p class='ocr_par' dir='ltr' id='par_1_8' title="bbox 1468 1781 1526 1815">
     <span class='ocr_line' id='line_1_40' title="bbox 1468 1781 1526 1815; baseline 0.017 -1"><span class='ocrx_word' id='word_1_304' title='bbox 1468 1781 1526 1815; x_wconf 84' lang='lat'>245</span> 
     </span>
    </p>
   </div>
   <div class='ocr_carea' id='block_1_8' title="bbox 1468 2104 1530 2138">
    <p class='ocr_par' dir='ltr' id='par_1_9' title="bbox 1468 2104 1530 2138">
     <span class='ocr_line' id='line_1_41' title="bbox 1468 2104 1530 2138; baseline 0.016 -11"><span class='ocrx_word' id='word_1_305' title='bbox 1468 2104 1530 2138; x_wconf 79' lang='lat'>‘250</span> 
     </span>
    </p>
   </div>
  </div>
 </body>
</html>
