1587 2533
535 85 710 117 ROMAN
736 84 1020 116 ANECDOTES.
1383 87 1403 128 7
1414 91 1429 117 1

113 181 266 227 iustum,
286 180 359 218 nisi
379 179 487 229 quod
506 185 570 217 aut
590 180 704 216 rebus
724 179 890 227 repetitis
911 185 1062 227 geratur
1084 186 1146 216 aut
1169 179 1431 216 denuntiatum

113 252 200 283 ante
220 246 267 283 sit
286 252 323 283 et
342 245 538 282 indictum.
597 244 767 294 Popilius
789 244 996 292 imperator
1017 245 1169 281 tenebat
1193 245 1431 293 provinciam

75 323 92 356 5
112 310 151 347 in
171 312 278 349 cuius
297 312 466 349 exercitu
486 310 645 349 Catonis
667 310 764 347 filius
789 310 860 347 tiro
887 310 1082 347 militabat.
1142 309 1276 355 Quum
1307 315 1433 346 autem

112 376 259 425 Popilio
279 376 469 414 videretur
496 388 614 413 unam
644 374 832 412 dimittere
862 375 1065 424 legionem,
1089 374 1249 412 Catonis
1280 386 1433 424 quoque

111 441 229 478 filium
258 442 321 492 qui
356 443 395 479 in
425 441 560 479 eadem
592 441 742 489 legione
775 440 960 477 militabat
995 440 1146 478 dimisit.
1205 440 1281 477 Sed
1315 452 1434 489 quum

111 519 242 545 amore
269 507 470 557 pugnandi
499 507 538 544 in
564 507 733 544 exercitu
761 506 1015 551 remansisset,
1042 505 1138 544 Cato
1167 506 1215 543 ad
1242 506 1433 555 Popilium

111 573 269 622 scripsit,
289 579 341 619 ut,
363 573 393 610 si
420 585 508 610 eum
537 578 728 621 pateretur
757 572 796 608 in
826 572 992 609 exercitu
1021 584 1228 615 remanere,
1260 571 1431 609 secundo

54 650 92 671 ¹0
111 650 199 676 eum
226 638 412 688 obligaret
432 638 586 675 militiae
607 643 873 683 sacramento;
906 638 1005 687 quia,
1027 638 1154 686 priore
1177 638 1331 683 amisso,
1353 637 1432 674 iure

111 716 200 741 cum
237 703 410 742 hostibus
447 715 620 753 pugnare
659 715 739 740 non
777 709 937 752 poterat.
1013 702 1125 739 Adeo
1165 714 1316 740 summa
1354 708 1432 740 erat

109 771 324 808 observatio
362 770 401 807 in
439 769 540 807 bello
579 769 786 807 movendo.
859 769 913 806 M.
949 768 1106 818 quidem
1138 768 1298 806 Catonis
1331 770 1433 806 senis

109 835 271 886 epistola
300 842 358 873 est
387 835 437 873 ad
466 835 521 873 M.
553 835 682 880 filium,
713 836 753 872 in
787 847 863 884 qua
898 835 1048 883 scripsit
1083 846 1123 871 se
1158 835 1310 872 audisse
1344 847 1432 872 eum

109 902 268 939 missum
288 901 431 939 factum
451 913 535 938 esse
555 913 577 938 a
604 900 770 945 consule,
803 912 923 949 quum
952 900 991 936 in
1019 899 1252 937 Macedonia
1278 899 1433 938 Persico

53 981 88 1013 ¹5
108 966 209 1004 bello
238 967 346 1004 miles
384 973 495 1004 esset.
566 966 703 1003 Monet
745 966 859 1015 igitur
898 971 940 1003 ut
982 972 1113 1003 caveat
1156 977 1205 1002 ne
1248 965 1432 1015 praelium

109 1033 226 1070 ineat:
272 1038 390 1081 negat
419 1033 521 1070 enim
551 1032 608 1070 ius
639 1044 734 1077 esse,
765 1033 831 1081 qui
860 1032 970 1069 miles
999 1043 1079 1068 non
1109 1031 1166 1077 sit,
1200 1043 1289 1069 cum
1323 1031 1433 1069 hoste

109 1110 293 1148 pugnare.

162 1163 356 1213 Equidem
394 1163 487 1201 illud
527 1164 642 1201 etiam
685 1163 960 1209 animadverto,
1005 1163 1122 1213 quod,
1167 1163 1234 1212 qui
1274 1163 1432 1213 proprio

109 1229 265 1266 nomine
286 1232 295 1248 ‘
309 1229 532 1278 perduellis'
555 1236 665 1275 esset,
686 1230 717 1266 is
738 1233 746 1249 ‘
759 1229 881 1267 hostis
895 1230 903 1244 ’
925 1236 1133 1274 vocaretur,
1154 1229 1308 1268 lenitate
1328 1231 1433 1267 verbi

51 1308 91 1330 20
107 1294 161 1331 rei
205 1294 395 1332 tristitiam
441 1295 666 1344 mitigatam.
749 1294 934 1333 ‘Hostis'
979 1295 1083 1332 enim
1123 1295 1227 1344 apud
1266 1296 1432 1333 maiores

107 1365 262 1397 nostros
281 1360 312 1397 is
333 1360 539 1406 dicebatur,
560 1373 675 1410 quem
696 1373 798 1398 nunc
819 1364 828 1380 ‘
844 1361 1090 1410 peregrinum
1107 1360 1115 1374 '
1137 1361 1309 1398 dicimus.
1367 1360 1431 1398 In-

107 1425 236 1463 dicant
265 1425 470 1464 duodecim
497 1426 660 1473 tabulae,
689 1433 730 1464 ut
761 1439 905 1465 STATUS
933 1439 1016 1464 DIES
1046 1439 1125 1465 CUM
1155 1438 1291 1473 HOSTE,
1323 1426 1430 1464 item-

106 1503 192 1541 que,
240 1503 435 1530 ADVERSUS
481 1504 636 1531 HOSTEM
684 1504 866 1530 AETERNA
909 1504 1161 1530 AUCTORITAS.
1235 1492 1341 1538 Quid
1381 1493 1431 1530 ad

105 1556 205 1595 hanc
243 1557 579 1595 mansuetudinem
622 1557 711 1595 addi
751 1559 904 1607 potest?
962 1571 1050 1595 eum
1092 1558 1248 1607 quicum
1288 1558 1429 1597 bellum

48 1635 85 1666 25
105 1635 216 1672 geras
249 1630 327 1660 tam
358 1623 463 1661 molli
494 1624 651 1661 nomine
677 1624 896 1673 appellare?
938 1623 1187 1672 Quamquam
1217 1623 1257 1660 id
1285 1635 1429 1661 nomen

105 1688 234 1726 durius
262 1689 389 1727 effecit
417 1689 493 1726 iam
521 1696 708 1728 vetustas:
764 1702 787 1727 a
820 1690 1025 1739 peregrino
1057 1689 1160 1726 enim
1191 1690 1356 1736 recessit,
1394 1697 1430 1728 et

105 1754 258 1804 proprie
279 1754 318 1791 in
339 1766 398 1800 eo,
420 1755 486 1804 qui
507 1767 613 1792 arma
633 1761 769 1792 contra
789 1755 912 1800 ferret,
935 1754 1128 1792 remansit.
1186 1754 1319 1800 Quum
1339 1767 1428 1793 vero

104 1820 152 1858 de
199 1820 359 1870 imperio
408 1821 622 1859 decertatur
667 1821 846 1871 belloque
890 1821 1081 1870 quaeritur
1121 1820 1253 1870 gloria,
1294 1833 1429 1859 causas

104 1887 265 1925 omnino
295 1887 451 1925 subesse
490 1894 618 1925 tamen
657 1894 810 1937 oportet
843 1887 999 1925 easdem
1042 1898 1137 1936 quas
1181 1886 1259 1924 dixi
1298 1887 1428 1936 paullo

46 1967 87 1997 30
104 1958 191 1990 ante
227 1952 344 1990 iustas
373 1964 510 1990 causas
552 1965 636 1991 esse
676 1953 874 1991 bellorum.
948 1952 1024 1989 Sed
1067 1964 1113 1990 ea
1151 1953 1251 1990 bella
1290 1954 1428 2002 quibus

103 2018 250 2067 imperii
288 2018 486 2067 proposita
524 2018 646 2067 gloria
684 2025 741 2057 est
779 2019 905 2056 minus
943 2019 1080 2057 acerbe
1118 2019 1288 2067 gerenda
1329 2025 1425 2057 sunt.

103 2082 158 2121 Ut
177 2083 280 2121 enim
302 2095 390 2120 cum
414 2084 484 2121 civi
510 2084 616 2122 aliter
646 2085 927 2130 contendimus,
956 2085 987 2122 si
1013 2091 1070 2122 est
1100 2084 1287 2130 inimicus,
1310 2084 1427 2130 aliter,

103 2149 135 2187 si
165 2149 415 2199 competitor;
464 2161 552 2188 cum
583 2150 702 2189 altero
731 2158 926 2188 certamen
960 2150 1118 2188 honoris
1157 2156 1195 2188 et
1232 2150 1426 2199 dignitatis

103 2221 172 2260 est,
202 2227 290 2252 cum
320 2214 439 2252 altero
470 2217 605 2265 capitis
634 2223 671 2254 et
699 2216 849 2264 famae;
893 2216 948 2254 sic
977 2227 1066 2254 curn
1096 2215 1307 2262 Celtiberis,
1338 2228 1426 2254 cum

48 2295 84 2329 35
105 2279 270 2319 Cimbris
299 2281 452 2329 bellum,
481 2289 522 2320 ut
553 2295 641 2320 cum
670 2283 844 2328 inimicis,
866 2282 1078 2332 gerebatur,
1101 2289 1184 2320 uter
1214 2288 1325 2329 esset,
1347 2294 1426 2320 non

103 2353 185 2384 uter
213 2347 442 2398 imperarem
490 2361 579 2387 curn
609 2349 768 2394 Latinis,
800 2349 963 2394 Sabinis,
995 2348 1242 2393 Samnitibus,
1272 2347 1425 2396 Poenis,
