1587 2533
133 106 232 150 Chap·
255 108 296 140 11.

52 267 112 300 245

49 534 113 566 250

552 108 708 140 OMENS
736 106 837 140 AND
868 109 1074 143 DREAMS.
1378 110 1455 154 117

305 215 314 230 ⁸
329 210 398 244 Hic
418 211 507 244 Iovis
530 211 662 244 altisoni
685 212 795 244 subito
817 213 952 256 pinnata
975 213 1117 252 satelles,

327 263 466 295 Arboris
489 274 507 296 e
529 268 644 296 trunco
667 265 824 306 serpentis
847 266 957 297 saucia
980 277 1101 304 morsu,

327 315 456 357 Subigit
479 316 559 358 ipsa,
583 316 658 348 feris
682 316 874 358 transfigens
898 319 1071 359 unguibus,
1100 329 1241 360 anguem

329 367 564 399 Semianimum
587 372 619 400 et
642 368 731 399 varia
754 369 896 410 graviter
919 370 1042 402 cervice
1065 370 1252 402 micantem.

326 419 432 459 Quem
456 429 490 450 se
514 419 752 461 intorquentem
775 420 902 452 lanians
927 426 1097 463 rostroque
1121 426 1300 458 cruentam,

325 470 397 502 Iam
421 471 539 502 satiata
561 471 697 507 animos,
721 471 787 503 iam
810 472 909 504 duros
933 473 1003 504 ulta
1026 473 1169 509 dolores

325 521 450 554 Abiicit
473 521 645 558 efflantem,
668 527 701 554 et
724 523 901 555 laceratum
924 524 1039 566 affligit
1062 525 1095 556 in
1118 524 1216 561 unda,

325 573 431 615 Seque
454 574 545 606 obitu
568 585 588 606 a
610 574 688 606 solis
711 575 833 607 nitidos
858 577 1017 607 convertit
1040 577 1083 607 ad
1107 580 1208 607 ortus.

327 625 426 658 Hanc
448 626 503 657 ubi
527 626 733 668 praepetibus
757 627 864 669 pinnis
890 627 1048 669 lapsuque
1071 628 1239 659 volantem

325 677 505 719 Conspexit
529 678 664 715 Marius,
688 678 788 710 divini
811 679 953 711 numinis
977 690 1091 721 augur,

326 729 511 771 Faustaque
535 730 628 771 signa
652 741 728 762 suae
751 730 858 762 laudis
881 731 1066 772 reditusque
1089 730 1226 768 notavit,

325 780 475 813 Partibus
500 781 641 813 intonuit
666 782 747 813 caeli
770 787 863 824 pater
886 783 955 824 ipse
979 783 1137 814 sinistris:

323 831 377 864 Sic
399 832 526 875 aquilae
550 832 671 865 clarum
695 834 836 866 firmavit
858 834 1008 876 Iuppiter
1032 833 1150 866 omen.'

181 957 244 992 14.
272 952 402 1004 Atque
427 954 488 993 ille
516 954 675 993 Romuli
704 962 912 1005 auguratus
941 955 1144 1006 pastoralis
1172 967 1253 993 non
1283 956 1454 995 urbanus

128 1018 223 1066 fuit3
252 1031 324 1057 nec
355 1019 466 1058 fictus
495 1021 545 1058 ad
574 1021 777 1071 opiniones
801 1021 1078 1071 imperitorum,
1105 1021 1173 1059 sed
1202 1034 1224 1059 a
1251 1022 1361 1060 certis
1391 1034 1454 1060 ac-

128 1090 261 1135 ceptus
283 1090 320 1123 et
339 1085 503 1138 posteris
531 1086 703 1125 traditus.
759 1086 895 1136 Itaque
917 1086 1109 1125 Romulus
1131 1098 1264 1136 augur,
1285 1093 1327 1124 ut
1350 1087 1453 1136 apud

47 1155 110 1188 260
127 1150 299 1188 Ennium
320 1157 388 1199 est,
410 1163 500 1190 cum
520 1149 633 1190 fratre
653 1151 746 1190 item
766 1164 922 1201 augure,

43 1740 106 1773 ²70

47 2256 108 2287 280

322 1260 483 1294 Curantes
505 1271 626 1302 magna
650 1271 724 1293 cum
749 1272 834 1298 cura,
859 1261 1089 1303 concupientes

321 1312 437 1354 Regni,
462 1313 541 1345 dant
564 1324 697 1355 operam
721 1313 818 1344 simul
840 1313 985 1355 auspicio
1009 1314 1220 1357 augurioque.

321 1364 413 1397 Hinc
435 1365 558 1399 Remus
580 1365 725 1408 auspicio
750 1376 784 1397 se
806 1365 943 1397 devovet
967 1370 1063 1407 atque
1087 1368 1263 1399 secundam

319 1414 416 1449 Solus
439 1427 532 1449 avem
556 1421 672 1449 servat.
719 1417 766 1449 At
790 1417 944 1449 Romulu'
968 1417 1104 1459 pulcher
1126 1419 1159 1450 in
1183 1419 1252 1451 alto

320 1468 457 1510 Quaerit
480 1469 655 1504 Aventino,
680 1479 810 1500 servans
833 1479 935 1510 genus
958 1469 1199 1502 altivolantum.

319 1520 509 1558 Certabant,
533 1521 648 1552 urbem
671 1521 856 1552 Romamne
880 1521 1059 1553 Remamne
1081 1526 1248 1555 vocarent.

321 1572 439 1605 Omnis
462 1583 538 1604 cura
559 1572 646 1609 viris,
669 1577 741 1604 uter
763 1577 847 1604 esset
870 1572 1090 1615 induperator.

319 1624 529 1667 Exspectant,
552 1624 662 1661 veluti,
687 1625 799 1656 consul
823 1635 922 1667 quum
945 1625 1074 1657 mittere
1102 1625 1232 1667 signum

319 1676 411 1713 Volt,
436 1687 548 1709 omnes
572 1676 659 1708 avidi
683 1681 830 1718 spectant
853 1677 895 1709 ad
919 1678 1055 1709 carceris
1080 1688 1166 1716 oras,

321 1726 429 1770 Quam
452 1738 529 1764 mox
552 1729 680 1762 emittat
702 1729 798 1771 pictis
822 1740 840 1761 e
863 1729 1004 1761 faucibu’
1026 1739 1160 1773 currus:

319 1780 374 1813 Sic
395 1781 587 1822 expectabat
610 1781 762 1822 populus,
787 1785 883 1823 atque
908 1792 964 1813 ore
987 1781 1125 1813 timebat

322 1832 442 1868 Rebus,
466 1832 531 1864 utri
554 1833 665 1874 magni
687 1832 823 1864 victoria
848 1833 889 1864 sit
912 1833 989 1865 data
1013 1833 1115 1875 regni.

321 1884 450 1915 Interea
473 1884 522 1916 sol
545 1884 633 1916 albu’
658 1885 788 1916 recessit
811 1884 844 1917 in
867 1885 969 1917 infera
992 1886 1116 1923 noctis;

322 1935 405 1967 Exin
423 1935 561 1968 candida
584 1947 619 1968 se
641 1936 739 1968 radiis
763 1936 852 1968 dedit
876 1937 941 1968 icta
965 1937 1052 1969 foras
1077 1937 1153 1975 lux3

322 1987 366 2018 Et
389 1987 486 2019 simul
509 1998 548 2019 ex
570 1988 637 2020 alto
661 1988 760 2029 longe
784 1988 1004 2029 pulcherrima
1026 2000 1162 2032 praepes

323 2038 432 2070 Laeva
454 2039 577 2072 volavit
600 2039 688 2072 avis:
712 2040 809 2071 simul
832 2051 947 2072 aureus
972 2041 1113 2072 exoritur
1137 2041 1198 2074 sol.

323 2090 452 2122 Cedunt
474 2091 515 2122 de
538 2091 630 2123 caelo
653 2096 701 2123 ter
724 2096 878 2133 quattuor
901 2102 1038 2133 corpora
1061 2099 1174 2124 sancta

322 2142 453 2179 Avium,
476 2143 683 2185 praepetibus
707 2154 776 2176 sese
799 2143 1004 2185 pulchrisque
1029 2144 1110 2176 locis
1134 2145 1223 2177 dant.

322 2193 492 2234 Conspicit
516 2194 590 2226 inde
613 2195 675 2227 sibi
699 2192 776 2227 data
800 2195 962 2227 Romulus
987 2206 1056 2227 esse
1080 2196 1199 2237 priora,

321 2244 480 2287 Auspicio
504 2246 596 2288 regni
618 2247 766 2279 stabilita
789 2257 921 2279 scamna
945 2247 1124 2290 solumque.
