1587 2533
138 99 218 137 166
275 113 278 115 Α
479 109 722 139 EXTRACTS
751 109 886 138 FRoM
914 109 1095 139 CICERO.
1298 109 1374 139 sect.
1397 108 1452 139 lv,

136 218 232 250 rum,
254 206 391 254 partim
413 207 461 244 ad
483 219 575 244 saxa
594 207 731 243 nativis
751 207 857 243 testis
877 206 1178 243 inhaerentium!
1232 206 1366 254 Ipsum
1387 217 1452 242 au-

136 276 214 305 tem
246 282 349 306 mare
377 270 430 307 sic
460 277 597 308 terram
632 277 819 319 appetens
848 270 1034 307 littoribus
1067 270 1208 314 alludit,
1229 277 1269 307 ut
1298 282 1376 306 una
1405 282 1451 306 ex

137 333 288 370 duabus
308 335 451 371 naturis
472 335 639 371 conflata
659 335 838 372 videatur.
896 334 1046 371 Exinde
1072 334 1167 370 mari
1187 334 1368 371 finitimus
1388 346 1453 370 aer

138 398 199 434 die
221 408 257 435 et
277 405 393 435 nocte
420 399 673 447 distinguitur,
694 399 802 448 isque
823 406 903 436 tum
924 399 1029 436 fusus
1051 405 1086 435 et
1106 404 1333 435 extenuatus
1363 399 1449 435 sub·
1470 405 1508 437 ²5

134 461 221 498 lime
243 461 370 502 fertur,
391 469 471 499 tum
493 470 619 499 autem
641 470 843 500 concretus
864 464 902 499 in
921 464 1043 500 nubes
1063 463 1212 510 cogitur
1231 462 1451 499 humorem-

135 539 210 575 que
232 526 416 574 colligens
438 534 575 563 terram
590 534 705 575 auget
724 528 921 572 imbribus,
943 533 1023 563 tum
1044 527 1201 563 effluens
1215 526 1290 564 huc
1309 533 1346 563 et
1366 526 1450 563 illuc

134 597 268 627 ventos
289 591 410 627 efficit.
470 591 578 628 Idem
601 603 747 628 annuas
768 591 953 640 frigorum
974 599 1010 628 et
1030 591 1200 628 calorum
1225 591 1314 629 facit
1334 592 1451 627 varie-

135 662 241 699 tates,
263 655 441 704 idemque
461 663 499 693 et
519 656 666 693 volatus
687 656 818 693 alitum
839 657 998 692 sustinet
1019 663 1054 692 et
1075 656 1207 704 spiritu
1231 655 1367 692 duetus
1388 655 1451 692 alit

134 726 170 756 et
190 727 376 757 sustentat
395 721 618 757 animantes.
1468 740 1511 769 30

189 789 226 822 3.
258 785 392 822 Restat
411 786 565 823 ultimus
592 794 629 823 et
649 798 672 823 a
696 787 896 824 domiciliis
923 787 1061 823 nostris
1091 787 1294 823 altissimus
1321 786 1452 823 omnia

134 850 292 898 cingens
313 857 349 886 et
369 861 551 887 coercens
572 850 666 887 caeli
687 851 924 900 complexus,
939 851 1002 900 qui
1020 851 1121 888 idem
1139 851 1268 887 aether
1283 858 1450 895 vocatur,

133 922 302 952 extrema
323 927 391 951 ora
423 921 459 952 et
481 915 744 952 determinatio
778 916 933 962 mundi3
963 916 1001 951 in
1037 928 1114 965 quo
1143 928 1229 952 cum
1250 915 1451 952 admirabi-

133 981 234 1017 litate
253 980 421 1016 maxima
441 980 577 1028 igneae
602 980 747 1016 formae
775 992 908 1017 cursus
938 980 1136 1017 ordinatos
1164 975 1359 1017 definiunt.
1416 979 1450 1016 E

133 1045 269 1094 quibus
290 1044 357 1089 sol,
379 1046 486 1081 cuius
507 1045 771 1093 magnitudine
791 1045 919 1081 multis
937 1045 1108 1093 partibus
1125 1051 1222 1082 terra
1238 1051 1450 1093 superatur,
1469 1060 1508 1091 35

134 1110 275 1146 circum
305 1121 390 1145 eam
420 1109 543 1157 ipsam
571 1109 744 1154 volvitur,
774 1109 884 1157 isque
913 1109 1041 1145 oriens
1071 1115 1108 1145 et
1137 1109 1318 1145 occidens
1348 1108 1449 1145 diem

134 1180 364 1222 noctemque
385 1173 550 1218 conficit,
571 1181 607 1209 et
627 1173 745 1210 modo
772 1174 972 1218 accedens,
994 1181 1074 1210 tum
1107 1180 1233 1210 autem
1258 1172 1452 1218 recedens,

134 1240 244 1275 binas
279 1239 317 1275 in
352 1239 510 1287 singulis
543 1238 653 1275 annis
685 1238 924 1275 reversiones
963 1239 1012 1275 ab
1041 1246 1213 1275 extremo
1244 1237 1452 1275 contrarias

136 1304 233 1349 facit,
255 1316 418 1352 quarum
438 1303 634 1340 intervallo
654 1310 736 1340 tum
764 1303 873 1352 quasi
897 1303 1042 1340 tristitia
1069 1303 1235 1352 quadam
1263 1302 1452 1340 contrahit

135 1378 283 1413 terram,
305 1378 386 1405 tum
406 1369 571 1406 vicissim
591 1369 778 1414 laetificat,
799 1376 840 1405 ut
860 1381 947 1405 cum
969 1368 1075 1405 caelo
1096 1368 1252 1405 hilarata
1270 1368 1450 1405 videatur.
1470 1387 1513 1418 40

136 1434 247 1470 Luna
285 1440 424 1478 autem,
457 1445 555 1482 quae
595 1441 661 1476 est,
695 1442 736 1470 ut
775 1434 984 1471 ostendunt
1021 1433 1290 1479 mathematici,
1329 1434 1452 1471 maior

136 1512 252 1548 quam
273 1499 430 1536 dimidia
450 1511 538 1547 pars
558 1505 690 1543 terrae,
711 1498 845 1535 iisdem
868 1498 998 1546 spatiis
1022 1505 1191 1546 vagatur,
1212 1499 1350 1547 quibus
1370 1498 1451 1535 sol:

137 1564 204 1601 sed
225 1571 306 1600 tum
328 1564 583 1611 congrediens
604 1575 692 1600 cum
713 1563 804 1608 sole,
820 1569 900 1600 tum
921 1563 1150 1611 digrediens,
1165 1570 1201 1600 et
1221 1575 1307 1600 eam
1327 1563 1452 1600 lucem

136 1641 251 1677 quam
273 1641 295 1665 a
315 1628 394 1665 sole
415 1628 561 1676 accepit
579 1629 692 1665 mittit
713 1629 749 1664 in
769 1635 896 1672 terras,
918 1634 955 1664 et
974 1628 1094 1665 varias
1114 1628 1198 1676 ipsa
1221 1628 1453 1665 mutationes

136 1694 229 1731 lucis
261 1693 398 1739 habet;
429 1699 545 1742 atque
579 1693 695 1729 etiam
723 1700 803 1730 tum
833 1693 1003 1730 subiecta
1031 1700 1145 1742 atque
1174 1693 1354 1741 opposita
1382 1692 1454 1730 soli
1469 1709 1509 1740 45

137 1760 264 1796 radios
286 1759 367 1796 eius
388 1766 424 1795 et
445 1758 576 1795 lumen
597 1759 787 1804 obscurat,
807 1765 889 1795 tum
908 1759 992 1807 ipsa
1011 1758 1183 1795 incidens
1211 1759 1251 1795 in
1275 1759 1453 1796 umbram

137 1832 269 1868 terrae,
300 1836 420 1873 quum
453 1830 510 1861 est
546 1836 567 1861 e
600 1824 757 1873 regione
792 1823 893 1867 solis,
924 1823 1150 1871 interpositu
1180 1823 1453 1872 interiectuque

139 1896 259 1926 terrae
293 1896 451 1938 repente
482 1888 620 1926 deficit.
675 1887 896 1937 Iisdemque
928 1888 1059 1936 spatiis
1092 1900 1159 1925 eae
1191 1888 1331 1933 stellae,
1359 1900 1453 1937 quas

139 1966 256 2003 vagas
278 1954 452 1998 dicimus,
474 1954 618 1991 circum
637 1960 777 1990 terram
806 1952 977 1990 feruntur
1005 1953 1221 2002 eodemque
1240 1953 1359 1991 modo
1379 1953 1452 1990 ori—

139 2026 253 2056 untur
273 2026 310 2056 et
333 2019 526 2064 occidunt,
547 2030 709 2067 quarum
728 2026 856 2055 motus
886 2024 966 2053 tum
998 2018 1210 2063 incitantur,
1231 2025 1312 2055 tum
1339 2024 1454 2055 retar-
1472 2037 1513 2067 50

142 2083 289 2128 dantur,
312 2094 426 2132 saepe
458 2084 573 2120 etiarn
606 2083 794 2120 insistunt.
852 2081 943 2128 Quo
968 2082 1186 2130 spectaculo
1216 2082 1307 2119 nihil
1326 2088 1454 2132 potest

140 2148 398 2185 admirabilius
430 2160 525 2194 esse,
546 2148 638 2185 nihil
671 2147 876 2197 pulchrius.
935 2147 1111 2196 Sequitur
1139 2148 1329 2185 stellarum
1357 2148 1455 2185 iner-

139 2213 304 2250 rantium
331 2214 500 2250 maxima
528 2213 744 2258 multitudo,
769 2224 931 2262 quarum
961 2212 1013 2249 ita
1044 2213 1235 2261 descripta
1263 2212 1454 2250 distinctio

140 2285 206 2322 est,
228 2284 270 2314 ut
289 2290 337 2315 ex
357 2285 534 2315 notarum
556 2278 764 2326 figurarum
783 2277 1027 2315 similitudine
1057 2278 1215 2315 nomina
1234 2277 1453 2314 invenerint.

142 2341 251 2379 Haec
267 2342 391 2380 omnis
412 2342 618 2391 descriptio
640 2342 807 2379 siderum
828 2349 939 2390 atque
961 2342 1021 2380 hic
1041 2349 1166 2380 tantus
1187 2343 1279 2380 caeli
1299 2349 1455 2380 ornatus
1476 2358 1514 2389 55
