1587 2533
574 99 749 130 ROMAN
775 98 1060 131 ANECDOTES.
1429 98 1481 142 75

154 193 265 232 hasta
284 199 365 231 non
384 194 562 232 recessit:
601 193 694 231 alter
723 200 861 239 autem,
883 194 947 244 qui
979 194 1018 230 in
1049 193 1110 230 illa
1140 193 1326 230 dictatura
1355 192 1479 230 scriba

155 259 286 302 fuerat,
302 260 342 297 in
367 259 440 297 hac
466 260 535 298 suit
560 266 739 310 quaestor
758 261 937 297 urbanus.
994 259 1054 296 Ex
1075 271 1152 309 quo
1174 259 1287 296 debet
1308 258 1477 307 intelligi,

155 324 292 362 talibus
322 325 500 375 praemiis
529 325 748 375 propositis,
777 337 986 374 numquam
1019 325 1193 362 defutura
1221 323 1320 361 bella
1348 323 1479 361 civilia.

95 406 134 438 35
156 390 293 440 Itaque
319 391 483 440 parietes
507 391 627 428 modo
654 390 770 428 Urbis
794 397 895 428 stant
915 397 952 428 et
971 396 1141 436 manent,
1169 390 1271 439 iique
1301 389 1373 438 ipsi
1402 388 1480 425 iam

157 462 328 494 extrema
370 457 514 494 scelera
555 463 791 503 metuentes;
839 469 920 494 rem
958 469 1048 494 vero
1093 456 1285 506 publicam
1328 454 1481 504 penitus

157 523 365 560 amisimus.
423 523 551 572 Atque
581 523 620 560 in
650 522 719 560 has
754 522 881 560 clades
910 522 1124 568 incidimus,
1154 520 1394 558 redeundum
1424 525 1482 556 est

156 589 260 626 enim
297 588 347 626 ad
383 589 636 638 propositum,
667 588 760 625 dum
793 588 910 625 metui
946 600 1061 637 quam
1092 587 1168 625 cari
1198 599 1282 624 esse
1311 592 1349 624 et
1379 585 1482 633 diligi

156 653 360 692 malumus.

669 796 737 830 22.
775 791 810 829 A
844 792 971 831 vCheczl.

214 919 260 959 C.
289 919 444 965 Canius,
473 932 592 970 eques
622 919 836 966 Romanus,
866 932 938 957 nec
967 919 1154 957 infacetus
1183 925 1221 957 et
1250 918 1340 956 satis
1369 917 1485 955 litter-

159 992 255 1033 atus,
285 998 404 1036 quum
441 998 482 1024 se
522 986 730 1036 Syracusas
769 987 925 1031 otiandi,
965 993 1006 1023 ut
1044 987 1126 1035 ipse
1161 985 1287 1023 dicere
1325 984 1485 1029 solebat,

159 1065 240 1091 non
287 1052 511 1102 negotiandi
559 1064 676 1090 causa
718 1052 953 1097 contulisset,
994 1053 1189 1089 dictitabat
1233 1063 1272 1089 se
1315 1050 1488 1098 hortulos

159 1119 310 1169 aliquos
329 1130 456 1156 emere
478 1118 584 1164 velle,
605 1131 683 1168 quo
709 1119 867 1156 invitare
894 1118 1040 1156 amicos
1067 1123 1105 1154 et
1129 1118 1195 1154 ubi
1225 1129 1266 1154 se
1295 1116 1489 1154 oblectare

122 1203 138 1235 5
161 1185 242 1223 sine
280 1184 625 1234 interpellatoribus
662 1190 806 1233 posset.
878 1184 998 1230 Quod
1037 1195 1159 1233 quum
1197 1181 1487 1232 percrebuisset,

159 1250 317 1302 Pythius
345 1250 379 1288 ei
410 1250 578 1300 quidam,
610 1250 674 1300 qui
703 1251 957 1300 argentariam
986 1250 1128 1288 faceret
1160 1248 1370 1298 Syracusis,
1395 1247 1490 1285 dixit

158 1316 313 1355 venales
343 1316 499 1366 quidem
528 1327 570 1354 se
600 1315 734 1353 hortos
763 1328 842 1353 non
871 1316 1024 1361 habere,
1046 1316 1114 1353 sed
1134 1315 1246 1352 licere
1270 1314 1324 1351 uti
1351 1312 1488 1357 Canio,

160 1383 191 1420 si
214 1381 337 1427 vellet,
364 1387 405 1418 ut
428 1381 532 1419 suis:
571 1387 609 1418 et
640 1381 753 1419 simul
786 1381 835 1418 ad
870 1394 1032 1419 caenam
1061 1381 1260 1419 hominem
1288 1379 1328 1416 in
1357 1378 1488 1416 hortos

159 1447 327 1486 invitavit
364 1447 403 1484 in
441 1453 640 1497 posterum
678 1448 791 1485 diem.
853 1446 985 1493 Quum
1025 1447 1085 1485 ille
1122 1445 1372 1496 promisisset,
1407 1450 1488 1481 tum

103 1531 141 1553 10
161 1514 330 1564 Pythius,
351 1513 416 1563 qui
444 1519 556 1559 esset,
575 1519 617 1550 ut
645 1513 895 1562 argentarius,
917 1513 1020 1562 apud
1049 1525 1187 1550 omnes
1217 1511 1373 1549 ordines
1402 1522 1489 1560 gra-

160 1581 292 1626 tiosus,
332 1579 544 1628 piscatores
582 1578 632 1616 ad
669 1590 711 1616 se
750 1579 986 1624 convocavit,
1027 1585 1064 1616 et
1098 1579 1146 1615 ab
1188 1578 1233 1615 iis
1280 1576 1411 1626 petivit
1448 1582 1490 1613 ut

161 1652 248 1683 ante
277 1657 368 1683 suos
396 1644 569 1682 hortulos
597 1644 780 1693 postridie
813 1644 1062 1693 piscarentur,
1097 1644 1268 1692 dixitque
1298 1641 1390 1691 quid
1419 1653 1488 1679 eos

161 1712 284 1750 facere
302 1711 424 1748 vellet.
481 1710 548 1748 Ad
578 1722 740 1747 caenam
769 1716 945 1759 tempore
969 1711 1072 1761 venit
1100 1709 1256 1747 Canius.
1316 1707 1488 1757 Opipare

160 1789 183 1815 a
222 1776 360 1826 Pythio
404 1782 631 1825 apparatum
673 1775 913 1822 convivium;
958 1776 1182 1825 cymbarum
1222 1780 1310 1812 ante
1353 1773 1488 1811 oculos

103 1863 138 1894 15
161 1843 386 1889 multitudo;
429 1854 501 1892 pro
535 1853 577 1879 se
616 1842 776 1891 quisque
814 1842 920 1891 quod
958 1848 1111 1891 ceperat
1149 1841 1355 1887 afferebat;
1400 1846 1487 1876 ante

160 1909 279 1958 pedes
310 1907 434 1957 Pythii
467 1908 594 1957 pisces
623 1907 908 1945 abiiciebantur.
966 1907 1072 1944 Tum
1102 1907 1258 1952 Canius,
1281 1903 1486 1952 ‘Quaeso‚’

159 1975 292 2024 inquit,
314 1977 324 1994 ‘
339 1973 431 2024 quid
451 1980 509 2012 est
527 1973 614 2019 hoc,
635 1973 774 2023 Pythi?
821 1973 1045 2011 Tantumne
1066 1974 1255 2023 piscium?
1286 1979 1487 2010 tantumne

160 2040 425 2091 cymbarum?'
485 2039 533 2078 Et
566 2039 638 2085 ille,
674 2038 803 2085 ‘Quid
840 2037 1022 2076 mirum?'
1062 2039 1208 2089 inquit:
1257 2038 1355 2076 ‘hoc
1396 2037 1485 2074 loco

159 2112 228 2151 est,
251 2105 449 2155 Syracusis
478 2104 664 2154 quidquid
694 2110 751 2142 est
779 2104 968 2153 piscium:
1008 2104 1068 2142 hic
1093 2105 1269 2154 aquatio:
1309 2103 1380 2141 hae
1402 2102 1487 2140 villa

100 2190 141 2212 20
159 2172 218 2209 isti
248 2183 376 2209 carere
404 2183 483 2208 non
513 2168 701 2220 possunt.’
758 2169 944 2208 Incensus
980 2169 1124 2208 Canius
1154 2170 1360 2219 eupiditate
1391 2181 1483 2206 con-

159 2237 281 2275 tendit
318 2249 341 2274 a
379 2236 514 2286 Pythio
552 2242 593 2274 ut
630 2236 824 2273 venderet.
881 2235 1047 2274 Gravate
1085 2236 1145 2274 ille
1183 2236 1321 2285 primo.
1380 2234 1486 2281 Quid

159 2303 303 2340 multa?
351 2303 538 2351 impetrat.
605 2300 708 2338 Emit
746 2301 865 2339 homo
903 2302 1066 2351 cupidus
1105 2308 1142 2340 et
1180 2300 1353 2350 locuples
1390 2301 1484 2338 tanti

124 2402 128 2403 c
160 2368 291 2419 quanti
331 2367 487 2417 Pythius
525 2366 653 2412 voluit,
692 2373 728 2404 et
767 2367 858 2404 emit
897 2368 1122 2405 instructos:
1181 2367 1339 2403 nomina
1382 2365 1483 2411 facit,
