1587 2533
520 107 650 138 ROMA
660 109 695 137 N
726 107 1006 139 .›1NECDOTES.
1373 97 1423 149 85,

103 198 252 238 deditus
297 199 377 245 fuit,
426 212 545 250 quam
592 201 657 250 qui
699 201 803 238 illurn
845 201 1075 249 ignorabant
1119 201 1421 238 arbitrabantur:

45 272 87 304 60
104 277 176 302 nec
222 277 311 303 vero
358 266 514 303 ineunte
561 272 682 303 aetate
728 266 863 313 solum,
910 267 979 304 sed
1023 273 1060 303 et
1106 279 1176 315 pro
1218 273 1423 315 quaestore

103 329 248 379 aliquot
285 342 420 376 annos,
458 337 494 368 et
532 331 570 368 in
607 331 693 380 ipso
728 331 841 377 bello,
883 331 921 369 in
960 343 1038 381 quo
1086 332 1136 369 ita
1173 344 1318 380 magna
1368 333 1421 369 rei

104 394 272 433 militaris
301 408 386 433 esse
416 396 619 445 occupatio
657 396 764 441 solet,
803 402 844 433 ut
881 408 961 434 non
1000 397 1162 433 multum
1200 396 1418 446 imperatori

104 461 175 498 sub
231 461 324 509 ipsis
382 461 544 510 pellibus
599 461 665 498 otii
719 461 963 512 relinquatur.
1037 462 1169 508 Quum
1221 468 1350 499 autem
1406 474 1425 499 c

104 525 344 576 philosophis
382 526 538 576 ingenio
576 527 808 576 scientiaque
846 534 1040 576 putaretur
1074 528 1300 574 Antiochus,
1337 527 1425 564 Phia

47 598 85 639 65
104 590 202 629 lonis
245 591 403 638 auditor,
444 592 638 638 excellere,
683 604 772 629 eum
815 604 946 630 secum
988 599 1024 630 et
1067 600 1246 642 quaestor
1292 593 1423 630 habuit

104 662 142 694 et
188 663 276 706 post
323 657 467 706 aliquot
514 669 637 694 annos
683 658 910 707 imperator:
987 670 1184 707 quumque
1232 664 1333 696 esset
1381 671 1425 695 ca

103 722 290 759 memoria
318 735 434 772 quam
464 729 551 760 ante
586 722 674 768 dixi,
715 735 760 760 ea
798 735 913 772 saepe
952 723 1144 761 audiendo
1185 723 1292 761 facile
1332 736 1423 773 cog-

104 788 219 834 novit,
254 800 352 837 quae
390 788 449 825 vel
489 788 606 826 semel
645 788 772 826 audita
810 789 1032 826 meminisse
1070 790 1269 838 potuisset.
1347 790 1424 827 Dc-

105 853 313 891 lectabatur
356 859 484 890 autem
530 854 687 891 mirifice
733 853 898 891 lectione
945 854 1139 900 librorum,
1190 855 1238 892 de
1285 855 1425 905 quibus

51 934 91 966 70
105 920 293 957 audiebat.

159 986 218 1023 Ac
245 998 379 1024 vereor
407 986 600 1024 interdum
628 999 677 1024 ne
715 986 846 1024 talium
886 999 1148 1036 personarum,
1187 1000 1306 1037 quum
1346 1002 1426 1026 am-

104 1050 271 1101 plificare
304 1051 426 1097 velim,
461 1052 635 1089 minuam
668 1052 783 1089 etiam
816 1052 991 1102 gloriam.
1058 1053 1155 1091 Sunt
1187 1055 1289 1092 enim
1320 1056 1425 1092 multi

105 1117 171 1168 qui
204 1117 364 1155 omnino
398 1116 568 1155 Graecas
597 1129 678 1154 non
710 1124 840 1156 ament
869 1118 1032 1156 litteras:
1076 1119 1214 1168 plures,
1248 1121 1313 1169 qui
1343 1121 1425 1170 phi-

104 1182 343 1232 losophiam:
399 1182 543 1232 reliqui,
589 1184 737 1220 etiamsi
775 1183 870 1222 haec
908 1195 989 1221 non
1026 1184 1259 1234 improbent,
1298 1193 1426 1224 tamen

51 1269 86 1300 75
105 1259 237 1285 earum
274 1259 401 1285 rerum
440 1247 739 1297 disputationem
776 1248 1014 1298 principibus
1053 1250 1211 1287 civitatis
1249 1263 1329 1288 non
1377 1252 1428 1289 ita

105 1312 287 1351 decoram
325 1319 473 1362 putant.
549 1312 635 1362 Ego
675 1320 813 1359 autem,
853 1326 972 1363 quum
1003 1314 1172 1352 Graecas
1201 1316 1340 1354 litteras
1371 1317 1426 1354 M.

105 1377 297 1416 Catonem
317 1378 356 1414 in
376 1384 571 1415 senectute
593 1378 772 1416 didicisse
793 1380 1018 1428 acceperim,
1041 1379 1081 1417 P.
1104 1387 1231 1418 autem
1255 1381 1426 1420 Africani

104 1443 283 1482 historiae
329 1443 534 1493 loquantur
582 1445 621 1481 in
666 1444 857 1493 legatione
905 1445 966 1482 illa
1012 1446 1142 1492 nobili,
1182 1459 1299 1496 quam
1339 1455 1426 1487 ante

105 1521 307 1547 censuram
329 1509 433 1555 obiit,
467 1508 692 1547 Panaetium
725 1522 845 1547 unum
876 1511 1037 1548 omnino
1069 1512 1253 1550 comitem
1287 1513 1425 1552 fuisse:

47 1584 89 1615 80
104 1586 177 1613 nec
221 1574 429 1612 litterarum
477 1573 724 1621 Graecarum,
773 1588 845 1614 nec
890 1576 1155 1626 philosophiae
1189 1578 1265 1615 iam
1303 1579 1420 1617 ullum

105 1646 300 1678 auctorem
321 1640 484 1688 requiro.
1081 1632 1089 1639 ⁴
