1587 2533
559 100 733 130 ROMAN
760 98 1047 130 ANECDOTES.
1410 98 1462 142 77
1483 113 1485 118 ·

558 335 626 370 24.
665 331 700 368 A
733 331 888 381 dzfficult
913 331 1040 369 Poz‘nl.

188 480 371 519 Definitio
401 489 467 528 est,
499 493 618 532 quum
647 481 687 518 in
717 481 858 530 scripto
888 481 1047 518 verbum
1079 479 1237 529 aliquod
1269 486 1326 517 est
1358 478 1462 528 posi-

135 552 228 592 tum,
249 547 357 584 cuius
379 547 426 585 de
447 547 481 584 vi
501 547 704 596 quaeritur,
725 545 800 583 hoc
825 545 944 582 modo
963 558 970 582 :
1001 544 1106 582 Lex:
1137 556 1203 587 Qur
1227 557 1267 582 IN
1290 555 1464 581 ADVERSA

135 624 385 650 TEMPESTATE
417 624 539 650 NAVIM
572 623 846 656 RELIQUERINT,
877 623 1002 649 omnm
1036 622 1294 657 AMlTTUNT03
1330 621 1463 648 EORUM

135 689 247 715 NAvrs
285 690 334 716 ET
375 690 503 715 ONERA
544 689 679 723 sumo,
719 689 786 720 Qm
826 688 865 714 1N
905 688 998 713 NAvr
1032 688 1317 714 REMANSERINT.
1374 675 1464 713 Dum

98 759 114 789 5
137 743 302 793 quidam,
342 755 460 793 quum
503 743 581 780 iam
623 742 662 779 in
706 742 782 780 alto
825 741 1059 791 navigarent,
1098 749 1135 779 et
1173 754 1291 791 quum
1330 753 1465 779 eorum

136 808 287 846 alterius
326 809 433 846 navis
479 808 631 846 alterius
678 819 777 845 onus
825 813 935 851 esset,
977 806 1208 856 naufragum
1256 807 1465 856 quemdam

137 880 333 912 natantem
371 882 408 912 et
446 885 584 911 manus
631 873 681 910 ad
728 885 769 910 se
817 872 1040 910 tendentem
1089 872 1464 918 animadverterunt3

138 939 396 977 misericordia
429 939 614 977 commoti
644 939 773 976 navim
802 938 851 976 ad
880 950 969 975 eum
1009 937 1304 987 applicaverunt,
1339 937 1463 975 homi-

138 1017 229 1042 nem
266 1004 315 1042 ad
355 1017 395 1043 se
434 1005 676 1043 sustulerunt.
748 1003 889 1041 Postea
929 1003 1122 1053 aliquanto
1161 1003 1270 1053 ipsos
1310 1015 1466 1054 quoque

83 1084 122 1106 10
140 1075 346 1120 tempestas
376 1070 637 1108 vehementius
666 1070 805 1107 iactare
835 1070 972 1118 coepit,
994 1081 1118 1118 usque
1146 1069 1245 1106 adeo
1271 1075 1312 1106 ut
1342 1069 1465 1106 domi-

140 1149 212 1175 nus
246 1137 362 1183 navis,
396 1149 516 1186 quum
549 1137 652 1175 idem
685 1137 918 1186 gubernator
948 1141 1058 1182 esset,
1087 1136 1126 1172 in
1156 1135 1342 1185 scapham
1376 1148 1465 1173 con-

140 1202 287 1251 fugeret
325 1209 362 1240 et
399 1203 488 1241 inde
526 1202 708 1248 funiculo,
743 1202 808 1252 qui
847 1215 870 1240 a
908 1201 1030 1251 puppi
1068 1201 1248 1250 religatus
1283 1201 1467 1251 scapham

141 1279 332 1305 annexam
365 1267 549 1314 trahebat,
584 1268 723 1314 navim,
758 1267 888 1317 quoad
921 1273 1065 1316 posset,
1100 1266 1373 1313 moderaretur,
1407 1266 1468 1304 ille

141 1339 269 1371 autem
304 1333 411 1371 cuius
444 1345 591 1371 merces
623 1339 741 1379 erant,
773 1333 812 1370 in
845 1332 1016 1382 gladium
1045 1331 1189 1369 ibidem
1218 1332 1464 1370 incumberet.

82 1412 117 1443 15
141 1398 219 1436 Hic
245 1399 306 1436 ille
334 1399 542 1448 naufragus
571 1399 620 1436 ad
648 1398 951 1448 gubernaculum
980 1398 1152 1443 accessit,
1174 1403 1210 1434 et
1230 1398 1316 1435 navi
1337 1398 1468 1448 quoad

139 1465 262 1513 potuit
306 1471 362 1503 est
411 1465 632 1514 opitulatus.
706 1464 854 1502 Sedatis
898 1470 1026 1501 autem
1069 1463 1248 1501 fluctibus
1292 1469 1329 1500 et
1371 1470 1467 1501 tem-

140 1536 287 1579 pestate
319 1530 395 1568 iam
430 1536 676 1578 commutata,
713 1530 820 1567 navis
854 1530 893 1566 in
926 1536 1081 1579 portum
1114 1529 1342 1578 pervehitur.
1400 1529 1468 1567 Ille

139 1602 268 1633 autem
302 1596 367 1645 qui
399 1596 439 1633 in
473 1595 645 1645 gladium
679 1595 904 1639 incubuerat
936 1595 1064 1632 leviter
1094 1594 1244 1632 saucius
1274 1594 1383 1632 facile
1412 1600 1470 1632 est

139 1673 187 1699 ex
225 1661 378 1700 vulnere
416 1668 619 1700 recreatus.
683 1661 823 1699 Navim
871 1673 959 1698 cum
1006 1672 1122 1698 onere
1169 1660 1308 1697 horum
1356 1660 1470 1697 trium

80 1737 119 1760 ²0
141 1740 250 1766 suam
285 1728 447 1778 quisque
481 1739 564 1765 esse
607 1728 706 1766 dicit.
776 1727 853 1764 Hic
885 1739 1022 1778 omnes
1055 1726 1197 1775 scripto
1229 1725 1277 1763 ad
1312 1737 1469 1763 causam

139 1794 339 1839 accedunt,
378 1800 415 1831 et
453 1805 500 1831 ex
539 1793 708 1831 nominis
746 1794 782 1830 vi
820 1794 989 1830 nascitur
1027 1792 1298 1830 controversia.
1366 1791 1468 1829 Nam

140 1866 178 1897 et
198 1859 409 1909 relinquere
430 1859 558 1896 navim
582 1866 619 1896 et
643 1871 842 1896 remanere
871 1859 911 1895 in
939 1857 1025 1895 navi
1054 1858 1222 1907 denique
1251 1857 1357 1895 navis
1386 1858 1470 1906 ipsa

139 1925 231 1975 quid
253 1925 300 1963 sit
320 1925 607 1963 definitionibus
629 1931 842 1974 quaeretur.

595 2103 663 2137 25.
703 2097 830 2147 Sharp
857 2097 1061 2135 Praclz'ces.

162 2222 166 2231 Ι
191 2236 255 2273 De
286 2236 365 2273 iure
395 2236 638 2286 praediorum
669 2243 845 2273 sanctum
875 2235 978 2284 apud
1007 2247 1079 2273 nos
1109 2242 1166 2272 est
1194 2235 1274 2271 iure
1303 2234 1402 2272 civili
1430 2240 1471 2272 ut

139 2301 179 2339 in
209 2301 254 2339 iis
278 2301 489 2340 vendendis
513 2301 600 2338 vitia
631 2301 846 2338 dicerentur
875 2312 974 2350 quae
1004 2307 1096 2338 nota
1124 2306 1253 2338 essent
1272 2299 1469 2338 venditori.

143 2365 261 2412 Nam,
302 2379 422 2417 quum
460 2378 507 2403 ex
547 2378 600 2403 x11
639 2365 775 2403 tabulis
814 2366 903 2404 satis
943 2372 1043 2404 esset
1077 2378 1122 2404 ea
1155 2365 1337 2415 praestari
1373 2377 1470 2415 quae
