1587 2533
549 97 708 127 GREEK
737 95 1023 127 ANECDOTES.
1394 96 1448 142 15

128 205 150 230 a
179 200 313 230 natura
339 193 469 229 datum
501 191 692 236 omnibus,
721 190 1062 239 intelligamusque,
1097 189 1127 226 si
1166 201 1269 226 mors
1302 188 1445 226 malum

66 264 107 295 60
129 258 186 304 sit,
225 270 308 295 esse
341 258 617 306 sempiternum
655 256 810 293 malum.
883 255 986 314 &im
1020 255 1117 292 vitae
1148 255 1308 292 miserae
1342 266 1447 291 mors

124 322 211 360 finis
241 334 324 360 esse
354 323 525 371 y'idQ;
560 334 665 359 mors
700 321 731 358 si
764 329 821 358 est
852 321 1001 366 misera,
1033 320 1207 357 miseriae
1243 320 1328 357 finis
1363 332 1445 356 esse

124 366 415 437 mest.
475 387 550 425 Sed
589 387 681 437 quid
712 399 787 435 ego
823 386 1020 424 Socratem
1052 392 1115 422 aut
1147 385 1444 430 Theramenem,

124 459 361 502 praestantes
391 453 490 490 viros
520 453 664 490 virtutis
694 458 731 490 et
765 452 972 501 sapientiae
1007 450 1137 500 gloria,
1166 462 1444 496 commemoro,

125 530 244 568 quum
283 518 615 556 Lacedaemonius
653 519 821 568 quidam,
862 517 969 554 cuius
1007 529 1056 553 ne
1096 528 1242 553 nomen
1289 516 1446 565 quidem

66 586 103 627 65
124 583 318 633 proditum
350 590 417 630 est,
451 590 616 621 mortem
645 590 751 621 tanto
782 595 898 631 opere
928 581 1212 630 contempserit,
1243 589 1293 627 ut,
1327 593 1447 630 quum

125 648 173 685 ad
211 660 297 686 eam
338 648 537 687 duceretur
580 650 783 686 damnatus
826 649 874 684 ab
916 647 1081 696 Ephoris
1133 655 1169 684 et
1207 653 1308 684 esset
1345 646 1447 684 vultu

127 714 233 752 hilari
253 720 367 764 atque
382 701 497 760 laeto,
520 715 753 765 dixissetque
783 715 817 751 ei
847 713 1004 763 quidam
1033 711 1445 759 inimicus,‘Contem-

125 781 235 818 nisne
255 780 360 829 leges
380 780 546 830 Lycurgi
560 781 573 816 ?
586 778 596 793 '
630 780 894 830 responderit:
926 782 935 798 ⁴
950 778 1037 827 Ego
1056 790 1146 815 vero
1167 778 1218 815 illi
1238 779 1446 815 maximam

124 846 284 894 gratiam
314 845 452 892 habeo,
492 847 557 895 qui
596 849 673 883 me'
697 858 742 883 ea
780 857 908 894 poena
946 843 1169 889 multaverit,
1209 856 1325 893 quam
1365 844 1446 881 sine

68 920 107 953 70
124 908 361 945 mutuatione
392 915 429 946 et
459 909 541 946 sine
575 920 728 946 versura
762 919 918 956 possem
951 905 1180 944 dissolvere.'
1252 906 1287 944 O
1326 906 1446 943 virum

125 973 263 1022 Sparta
296 973 479 1023 dignum!
526 981 567 1012 ut
605 974 698 1011 mihi
740 973 896 1023 quidem
928 973 991 1022 qui
1025 979 1103 1009 tam
1136 984 1282 1021 magno
1316 972 1446 1009 animo

125 1038 233 1076 fuerit
266 1039 453 1079 innocens
486 1041 688 1078 damnatus
720 1052 804 1077 esse
842 1038 1022 1076 videatur.
1100 1037 1215 1075 Tales
1254 1038 1448 1074 innumer-

125 1104 242 1142 abiles
280 1112 412 1143 nostra
452 1106 581 1144 civitas
617 1106 710 1144 tulit.
789 1105 865 1142 Sed
904 1104 995 1154 quid
1036 1104 1152 1141 duces
1190 1109 1227 1140 et
1256 1104 1447 1153 principes

125 1170 333 1218 nominem,
374 1183 494 1221 quum
531 1171 703 1221 legiones
743 1171 882 1209 scribat
925 1169 1024 1208 Cato
1067 1181 1182 1218 saepe
1228 1168 1371 1206 alacres
1411 1169 1447 1205 in

68 1242 104 1275 75
126 1247 214 1272 eum
243 1236 372 1274 locum
401 1237 592 1287 profectas
621 1237 724 1275 unde
754 1237 939 1275 redituras
969 1248 1010 1274 se
1039 1247 1120 1273 non
1150 1234 1446 1273 arbitrarentur?

125 1299 212 1338 Pari
242 1302 371 1340 animo
412 1303 711 1342 Lacedaemonii
750 1303 788 1340 in
827 1301 1099 1352 Thermopylis
1137 1300 1371 1347 oeciderunt,
1411 1301 1448 1338 in

125 1378 223 1416 quos
245 1366 463 1407 Simonides
483 1383 491 1407 :

372 1447 430 1476 Dic
453 1446 561 1485 hospes
585 1446 716 1484 Spartae,
740 1455 793 1474 nos
817 1451 847 1475 te
871 1444 920 1474 hic
945 1445 1050 1474 vidisse
1074 1444 1213 1479 iacentes,

420 1502 503 1531 Dum
527 1502 635 1531 sanctis
658 1501 773 1540 patriae
798 1500 912 1541 legibus
937 1500 1139 1538 obsequimur.

68 1588 109 1618 80
127 1581 234 1629 Quid
254 1581 315 1618 ille
339 1580 416 1617 dux
443 1578 638 1617 Leonidas
664 1578 783 1617 dicit?
842 1577 1014 1628 ‘Pergite
1044 1578 1172 1616 animo
1202 1577 1299 1623 forti,
1329 1576 1448 1615 Lace-

127 1647 348 1686 daemonii:
388 1645 504 1683 hodie
538 1645 641 1694 apud
671 1643 813 1681 inferos
845 1643 1005 1681 fortasse
1037 1642 1309 1681 caenabimus.’
1365 1643 1450 1681 Fuit

126 1713 223 1752 haec
255 1725 352 1762 gens
386 1711 506 1756 fortis,
536 1711 628 1748 dum
662 1709 830 1759 Lycurgi
861 1708 966 1758 leges
999 1709 1188 1759 vigebant.
1246 1708 1280 1746 E
1313 1709 1450 1758 quibus

126 1791 238 1824 unus,
268 1790 387 1828 quum
426 1776 561 1814 Perses
599 1776 720 1815 hostis
758 1776 797 1813 in
837 1775 1031 1825 colloquio
1072 1774 1229 1812 dixisset
1270 1774 1450 1824 glorians,

127 1847 136 1864 ‘
151 1841 641 1895 SlQlemvaQjstQlOs-rum
657 1842 910 1885 *multitudine
940 1847 977 1878 et
1005 1840 1228 1889 sagittarum
1248 1852 1328 1877 non
1348 1840 1450 1894 vide-

19 1940 24 1954 -.
69 1918 108 1960 85
128 1907 667 1969 Qssssmsumbrajgitutl.
684 1908 819 1957 inquit,
840 1903 1146 1957 ‘pugnabimus'
1203 1905 1319 1943 Viros
1344 1893 1472 1943 coms

127 1986 313 2014 memoro.
383 1973 518 2020 Qualis
547 1974 703 2012 tandem
733 1973 940 2012 Lacaena?
988 1984 1086 2021 quae
1116 1983 1236 2021 quum
1264 1971 1383 2008 filium
1412 1971 1450 2008 in

127 2041 313 2092 praelium
343 2040 521 2086 misisset,
556 2046 593 2077 et
623 2040 864 2078 interfectum
888 2038 1068 2084 audisset,
1090 2036 1285 2084 ‘Idcirco,’
1317 2037 1448 2086 inquit,

129 2110 375 2158 ‘genueram‚
395 2111 437 2143 ut
466 2111 567 2144 esset
595 2106 660 2155 qui
690 2117 762 2155 pro
793 2105 914 2154 patria
948 2108 1112 2141 mortem
1147 2115 1227 2140 non
1262 2102 1450 2140 dubitaret

127 2172 379 2211 occumbere.’
453 2170 576 2209 Esto:
632 2171 747 2209 fortes
786 2178 822 2208 et
860 2170 942 2207 duri
983 2169 1219 2219 Spartiatae:
1266 2180 1449 2217 magnam

69 2255 112 2288 90
129 2237 246 2276 habet
273 2238 350 2276 vim
379 2237 608 2287 reipublicae
630 2236 840 2284 disciplina.
885 2234 1023 2281 Quid?
1072 2233 1314 2283 Cyrenaeum
1345 2233 1448 2271 The-

129 2304 306 2350 odorum,
344 2302 619 2354 philosophum
665 2313 744 2339 non
791 2300 1010 2350 ignobilem,
1057 2311 1187 2337 nonne
1233 2299 1448 2337 miramur?

131 2373 191 2410 cui
219 2383 339 2423 quum
364 2369 618 2420 Lysimachus
641 2380 706 2406 rex
731 2379 882 2405 crucem
909 2367 1127 2412 minaretur,
1149 2365 1258 2403 ‘Istis
1279 2366 1448 2415 quaeso,'
