1587 2533
156 62 208 100 80
499 72 742 103 EXTRACTS
771 72 909 103 FRoM
936 73 1114 105 CICERO.

154 161 349 208 Graeciae,
387 163 583 214 vituperat,
622 165 728 214 quod
772 171 918 203 tantam
956 166 1159 215 pecuniam
1195 165 1235 202 in
1274 164 1467 214 praeclara

153 227 213 264 illa
232 228 436 277 propylaea
456 230 673 268 coniecerit.

608 354 675 389 27.
713 350 748 387 Α
780 350 1018 401 Demagogue.

206 458 337 505 Quum
358 458 401 496 L.
425 459 650 498 Saturninus
669 460 795 510 legem
814 461 1099 499 frumentariam
1120 461 1166 498 de
1188 460 1409 499 semissibus
1429 467 1466 498 et

152 524 349 562 trientibus
369 524 511 562 laturus
531 533 641 572 esset,
665 526 713 573 Q.
735 526 892 577 Caepio,
915 528 979 577 qui
1009 527 1047 564 id
1076 527 1260 575 temporis
1289 532 1466 576 quaestor

152 590 320 626 urbanus
360 597 449 636 erat,
491 590 620 628 docuit
661 599 835 629 senatum
879 593 1063 630 aerarium
1106 592 1185 641 pati
1226 603 1307 629 non
1349 603 1465 640 posse

152 653 393 703 largitionem
427 663 582 693 tantam.
641 657 804 695 Senatus
844 658 1018 704 decrevit,
1058 659 1089 695 si
1129 670 1213 695 eam
1253 658 1378 707 legem
1417 657 1467 695 ad

153 720 339 770 populum
377 720 481 767 ferat,
520 722 702 761 adversus
737 724 1013 772 rempublicam
1051 723 1167 761 videri
1205 736 1293 761 eum
1331 723 1503 761 facere.5

155 786 380 823 Saturninus
410 786 504 824 ferre
534 788 673 837 coepit.
733 787 914 837 Collegae
943 788 1187 827 intercedere.
1244 788 1311 826 Ille
1349 788 1467 826 nihilo

153 853 279 890 minus
321 852 514 889 cistellam'
548 852 689 890 detulit.
751 853 907 903 Caepio,
945 861 984 891 ut
1022 854 1127 891 illurn
1169 861 1302 891 contra
1341 853 1377 891 S.
1409 853 1466 900 C.,

153 918 475 955 intercedentibus
509 918 678 967 collegis,
714 918 892 956 adversus
926 920 1200 969 rempublicam
1235 919 1326 956 vidit
1358 918 1466 966 ferre,

155 995 242 1021 cum
281 983 367 1020 viris
412 983 524 1020 bonis
571 983 757 1032 impetum
800 984 898 1029 facit,
938 992 1075 1033 pontes
1119 985 1313 1030 disturbat,
1353 985 1466 1022 cistas

155 1048 290 1093 deiicit,
324 1047 598 1097 impedimento
633 1055 688 1085 est
721 1060 797 1097 quo
828 1049 950 1086 secius
979 1048 1118 1087 feratur
1146 1050 1229 1087 lex:
1267 1049 1467 1087 arcessitur
1488 1063 1524 1086 10

154 1113 300 1163 Caepio
329 1113 547 1151 maiestatis.

586 1234 655 1268 28.
693 1231 727 1267 A
760 1229 1032 1279 Braggadocio.

211 1347 249 1384 Si
269 1347 359 1384 velis
379 1358 459 1384 non
480 1347 633 1384 divitem
654 1347 722 1384 sed
741 1352 1015 1383 ostentatorem
1035 1347 1219 1395 pecuniae
1240 1346 1465 1394 describere,

154 1410 279 1458 ‘Iste,’
324 1413 482 1462 inquies,
532 1413 708 1457 ‘iudices‚
751 1412 816 1461 qui
856 1423 896 1449 se
936 1411 1009 1449 dici
1047 1411 1200 1448 divitem
1238 1419 1345 1461 putat
1382 1425 1466 1451 esse

153 1478 402 1529 praeclarum,
431 1478 597 1527 primum
630 1490 732 1515 nunc
760 1477 895 1523 videte,
925 1488 1003 1525 quo
1034 1476 1137 1514 vultu
1167 1488 1240 1514 nos
1268 1477 1466 1519 intueatur.

155 1544 297 1581 Nonne
327 1543 436 1580 vobis
466 1544 612 1581 videtur
644 1543 780 1588 dicere,
816 1542 990 1587 ‘Darem,
1021 1542 1051 1579 si
1083 1542 1175 1579 mihi
1203 1542 1352 1581 molesti
1386 1556 1468 1581 non

154 1609 287 1646 essetis
300 1608 331 1645 ?’
389 1607 522 1654 Quum
543 1620 632 1646 vero
654 1609 804 1645 sinistra
823 1615 995 1645 mentum
1016 1608 1197 1654 sublevat,
1217 1609 1407 1646 existimat
1427 1621 1467 1647 se
1484 1617 1502 1649 5

153 1685 330 1722 gemmae
357 1673 479 1710 nitore
508 1680 545 1710 et
574 1673 654 1710 auri
684 1673 889 1722 splendore
931 1679 1108 1722 aspectus
1147 1674 1320 1710 omnium
1359 1686 1467 1723 prae-

154 1739 348 1788 stringere.
408 1737 539 1784 Quum
575 1751 735 1788 puerum
768 1739 921 1788 respicit
954 1737 1057 1775 hunc
1087 1750 1218 1784 unum,
1249 1751 1364 1788 quem
1392 1751 1466 1789 ego

154 1804 253 1849 novi,
274 1815 342 1841 vos
371 1815 452 1841 non
480 1804 640 1841 arbitror
669 1804 831 1849 novisse,
853 1803 926 1841 alio
946 1804 1102 1841 nomine
1131 1804 1307 1853 appellat,
1328 1805 1466 1842 deinde

154 1869 227 1906 alio
247 1875 360 1918 atque
381 1868 464 1906 alio.
516 1871 524 1887 ‘
539 1868 648 1906 Heus
669 1869 732 1910 tu,'
753 1869 885 1918 inquit,
908 1872 917 1888 ‘
930 1869 1026 1914 veni,
1050 1868 1204 1915 Sannio,
1226 1882 1274 1907 ne
1295 1870 1388 1920 quid
1406 1870 1466 1908 isti

153 1934 302 1972 barbari
330 1933 524 1981 turbent3‘
561 1942 603 1971 ut
629 1935 762 1983 ignoti,
787 1935 850 1983 qui
880 1934 1047 1976 audiunt,
1068 1946 1186 1971 unum
1216 1942 1351 1984 putent
1379 1936 1465 1984 eligi
1487 1949 1525 1970 10

155 2000 202 2037 de
220 1999 370 2036 multis:
409 1999 443 2036 ei
464 1999 552 2037 dicit
572 2000 611 2036 in
631 2012 774 2046 aurem,
795 2006 858 2037 aut
886 2006 926 2036 ut
955 1999 1059 2036 dorni
1087 1999 1212 2037 lectuli
1241 2007 1465 2056 sternantur,

153 2072 217 2102 aut
237 2065 285 2102 ab
308 2065 496 2102 avunculo
519 2073 673 2114 rogetur
693 2065 893 2114 Aethiops,
914 2065 978 2113 qui
999 2064 1048 2101 ad
1066 2064 1224 2102 balneas
1244 2067 1379 2112 veniat,
1401 2073 1466 2104 aut

153 2130 346 2167 asturconi
374 2130 482 2167 locus
511 2136 599 2167 ante
628 2131 771 2167 ostium
799 2141 911 2167 suum
940 2130 1058 2175 detur,
1079 2137 1142 2167 aut
1161 2130 1316 2179 aliquod
1334 2131 1466 2181 fragile

154 2195 268 2233 falsae
297 2195 519 2245 choragium
547 2196 690 2245 gloriae
719 2202 971 2245 comparetur.
1026 2195 1177 2234 Deinde
1206 2197 1404 2241 exclamat,
1425 2204 1466 2235 ut

153 2273 287 2298 omnes
316 2261 482 2307 audiant,
515 2261 676 2299 ‘Videto
705 2268 746 2298 ut
775 2261 971 2309 diligenter
1000 2268 1230 2307 numeretur,
1261 2262 1292 2300 si
1325 2268 1462 2312 potest,
1486 2271 1523 2303 15

153 2335 240 2364 ante
260 2326 439 2364 noctem.'
496 2326 602 2373 Puer,
625 2328 688 2376 qui
717 2328 792 2364 iam
822 2328 920 2364 bene
950 2326 1117 2364 hominis
1146 2334 1319 2366 naturam
1347 2330 1461 2368 novit.
