1587 2533
134 125 180 156 11.
203 129 235 165 7·
367 115 538 155 ROME'S
566 124 691 155 RULE
723 125 781 156 OF
809 125 905 156 HER
936 125 1215 157 PROVINCES.
1377 126 1459 171 245

133 224 176 270 is,
199 235 314 272 quem
342 223 413 261 iste
443 229 480 262 et
509 223 679 262 audierat
707 223 827 261 multa
857 237 989 262 secum
1019 224 1215 274 praeclara
1243 224 1396 271 habere,
1422 231 1459 262 et

135 275 409 337 suspicabatur.
466 288 583 326 Mittit
620 289 766 326 homini
798 301 959 328 munera
992 290 1082 327 satis
1115 289 1241 338 large3
1286 289 1381 326 haec
1411 289 1460 326 ad

77 366 118 389 20
135 367 248 393 usum
269 355 525 392 domesticum
542 367 551 393 :
580 355 665 400 olei,
683 355 771 400 vini,
792 355 899 404 quod
919 356 1041 393 visum
1062 362 1166 393 erat:
1196 356 1311 393 etiam
1335 355 1458 401 tritici,

135 420 241 470 quod
262 420 352 457 satis
372 427 484 466 esset,
505 420 553 458 de
583 421 661 458 suis
683 421 867 458 decumis.
924 420 1077 458 Deinde
1108 421 1235 470 ipsum
1254 433 1385 470 regem
1411 420 1460 457 ad

134 497 298 523 coenam
326 486 503 523 vocavit:
546 496 707 523 exornat
746 486 873 535 ample
911 486 1194 536 magnificeque
1232 486 1458 524 triclinium:

134 551 294 600 exponit
322 563 378 596 ea,
399 551 537 600 quibus
566 552 795 598 abundabat,
817 551 981 601 plurima
1010 563 1055 589 ac
1084 551 1339 601 pulcherrima
1368 562 1460 588 vasa

135 624 338 666 argentea:
367 617 548 654 omnibus
576 623 680 654 curat
706 617 820 654 rebus
847 617 1075 654 instructum
1095 624 1131 654 et
1155 623 1330 666 paratum
1351 622 1393 653 ut
1413 616 1460 653 sit

77 693 114 725 25
135 683 361 720 convivium.
419 681 525 728 Quid
553 682 698 720 multa?
726 694 793 719 rex
823 683 874 719 ita
904 682 1090 727 discessit,
1118 689 1159 719 ut
1189 689 1226 719 et
1256 682 1371 719 istum
1394 693 1460 719 co-

133 749 242 798 piose
263 753 440 786 ornatum
460 753 497 784 et
517 759 558 785 se
577 747 790 785 honorifice
810 755 1013 796 acceptum
1033 748 1286 785 arbitraretur.
1330 747 1459 784 Vocat

133 813 183 851 ad
204 825 368 851 coenam
388 813 526 850 deinde
546 812 628 862 ipse
655 819 874 862 praetorem
891 825 899 851 :
931 813 1089 862 exponit
1110 825 1198 850 suas
1221 813 1354 862 copias
1375 824 1460 850 om-

133 890 215 925 nes,
243 878 407 915 multum
435 885 648 927 argentum,
679 890 760 915 non
798 891 923 927 pauca
951 879 1065 915 etiam
1100 878 1241 927 pocula
1270 890 1318 915 ex
1348 890 1456 920 auro,

134 957 243 994 quae,
263 950 306 981 ut
333 956 419 981 mos
447 950 505 982 est
532 944 660 993 regius
688 950 726 981 et
753 945 921 981 maxime
950 944 990 980 in
1021 943 1137 993 Syria,
1158 944 1322 992 gemmis
1352 950 1459 981 erant

74 1018 117 1049 3ο
135 1010 313 1047 distincta
328 1009 557 1047 clarissimis.
599 1009 692 1047 Erat
712 1010 827 1047 etiam
846 1022 912 1047 vas
928 1010 1116 1046 vinarium
1137 1021 1184 1046 ex
1205 1021 1282 1046 una
1302 1021 1458 1058 gemma

133 1075 349 1125 pergrandi,
379 1074 488 1112 trulla
525 1081 718 1121 excavata,
748 1076 952 1113 manubrio
992 1087 1131 1113 aureo:
1163 1075 1211 1113 de
1240 1086 1317 1124 qua
1355 1075 1458 1117 satis,

134 1140 262 1186 credo,
297 1140 483 1178 idoneum
521 1141 613 1178 satis
651 1153 809 1190 gravem
846 1148 983 1179 testem
1013 1140 1064 1187 Q.
1085 1140 1301 1178 Minucium
1331 1140 1458 1178 dicere

135 1205 302 1243 audistis.
359 1205 439 1243 Iste
457 1217 578 1242 unum
599 1205 781 1255 quodque
800 1218 866 1243 vas
886 1206 926 1242 in
945 1218 1084 1243 manus
1106 1217 1269 1250 sumere,
1287 1205 1457 1251 laudare,

134 1271 272 1309 mirari.
331 1270 417 1309 Rex
445 1271 624 1320 gaudere,
646 1272 812 1321 praetori
840 1271 974 1321 populi
1003 1271 1174 1309 Romani
1203 1271 1293 1309 satis
1323 1271 1458 1309 iucun-

77 1349 116 1382 35
136 1338 228 1375 dum
266 1343 303 1374 et
339 1344 492 1386 gratum
534 1337 626 1375 illud
669 1349 754 1374 esse
797 1337 1024 1374 convivium.
1080 1336 1339 1387 Posteaquam
1368 1336 1459 1374 inde

134 1403 347 1440 discessum
375 1409 444 1448 est,
474 1403 641 1452 cogitare
680 1403 750 1440 iste
779 1402 871 1439 nihil
901 1403 1014 1449 aliud,
1045 1403 1151 1452 quod
1181 1403 1265 1452 ipsa
1301 1414 1361 1440 res
1391 1402 1459 1440 de-

133 1469 297 1514 claravit,
326 1468 399 1506 nisi
438 1467 768 1517 quemadmodum
807 1481 938 1517 regem
977 1481 997 1506 e
1027 1469 1223 1518 provincia
1252 1468 1459 1517 spoliatum

134 1534 421 1583 expilatumque
451 1533 666 1571 dimitteret.
726 1533 843 1571 Mittit
871 1540 1051 1583 rogatum
1071 1546 1161 1571 vasa
1185 1546 1230 1572 ea
1254 1546 1352 1583 quae
1373 1533 1458 1583 pul-

134 1599 321 1636 cherrima
357 1599 461 1648 apud
491 1598 595 1636 illum
623 1599 790 1637 viderat:
820 1600 871 1637 ait
900 1611 941 1637 se
971 1600 1048 1637 suis
1078 1599 1333 1637 caelatoribus
1362 1598 1457 1636 velle

75 1681 118 1714 40
136 1664 351 1702 ostendere.
407 1663 506 1710 Rex,
527 1665 592 1714 qui
618 1664 732 1702 istum
760 1677 841 1702 non
868 1672 1012 1712 nosset,
1034 1666 1115 1702 sine
1139 1665 1215 1702 ulla
1239 1664 1459 1714 suspicione

134 1730 382 1768 libentissime
403 1730 518 1768 dedit.
576 1729 694 1767 Mittit
713 1730 826 1767 etiam
848 1730 997 1768 trullam
1018 1742 1237 1779 gemmeam
1257 1736 1458 1778 rogatum:

134 1796 227 1833 velle
248 1808 288 1834 se
308 1807 395 1833 earn
416 1796 633 1845 diligentius
655 1796 909 1834 considerare.
968 1796 1025 1833 Ea
1044 1808 1200 1845 quoque
1221 1796 1256 1834 ei
1276 1796 1447 1832 mittitur.

192 1874 226 1899 2.
257 1861 374 1899 Nunc
399 1861 597 1910 reliquum,
617 1861 774 1907 iudices,
796 1862 990 1907 attendite,
1012 1861 1058 1899 de
1088 1873 1166 1911 quo
1195 1867 1232 1899 et
1254 1873 1323 1898 vos
1353 1860 1461 1898 audi-

136 1928 214 1973 stis,
244 1934 282 1964 et
310 1927 474 1976 populus
514 1927 717 1965 Romanus
746 1939 827 1964 non
856 1940 958 1965 nunc
988 1928 1155 1977 primum
1185 1928 1324 1974 audiet,
1354 1933 1391 1965 et
1420 1926 1460 1964 in

75 2003 116 2035 45
136 1992 274 2030 exteris
303 1992 523 2029 nationibus
552 2004 674 2041 usque
704 1992 753 2029 ad
786 1991 938 2028 ultimas
967 1998 1084 2029 terras
1110 1999 1360 2040 pervagatum
1389 1998 1457 2030 est.

136 2057 420 2096 Candelabrum
447 2069 468 2095 e
487 2058 651 2106 gemmis
678 2057 896 2095 clarissimis
922 2069 1038 2106 opere
1063 2058 1224 2095 mirabili
1244 2058 1459 2107 perfectum

134 2136 245 2174 reges
274 2123 322 2169 hi,
344 2135 442 2173 quos
471 2124 569 2169 dico,
602 2123 772 2161 Romam
801 2136 921 2173 quum
950 2124 1173 2170 attulissent,
1203 2131 1245 2162 ut
1273 2125 1312 2161 in
1343 2124 1458 2173 Capi-

133 2191 227 2228 tolio
257 2196 456 2239 ponerent,
486 2189 592 2238 quod
621 2189 796 2226 nondum
825 2188 1038 2238 perfectum
1067 2190 1254 2239 templum
1284 2190 1459 2228 offende-

134 2263 231 2301 rant,
252 2267 377 2304 neque
397 2267 542 2304 ponere
562 2262 780 2304 potuerunt,
798 2267 924 2304 neque
944 2255 1058 2304 vulgo
1080 2257 1284 2293 ostendere
1305 2268 1349 2293 ac
1370 2268 1459 2305 pro·

76 2335 118 2367 50
137 2321 232 2358 ferre
270 2321 494 2367 voluerunt;
528 2328 569 2358 ut
603 2327 639 2357 et
668 2320 977 2369 magnificentius
1006 2321 1206 2367 videretur,
1237 2333 1355 2370 quum
1387 2333 1457 2358 suo

136 2394 310 2436 tempore
338 2386 378 2423 in
404 2385 498 2423 cella
524 2385 626 2423 Iovis
648 2385 796 2436 Optimi
827 2385 988 2423 Maximi
1009 2393 1226 2436 poneretur,
1249 2393 1285 2424 et
1305 2386 1455 2434 clarius,
