1587 2533
167 103 220 152 84
516 112 757 143 EXTRACTS
787 114 921 144 FROM
950 116 1126 149 CICERO.

169 216 244 252 quo
264 205 350 252 plus
376 205 414 240 in
445 205 609 253 negotiis
637 206 815 254 gerendis
842 219 902 244 res
926 219 1042 256 quam
1072 208 1185 245 verba
1206 215 1376 257 prosunt,
1405 209 1480 247 hoc
1502 223 1539 253 ²5

171 277 249 306 erat
269 271 456 306 memoria
476 270 537 307 illa
556 272 830 319 praestantior:
860 284 976 321 quam
1005 272 1120 310 fuisse
1144 274 1182 310 in
1209 274 1482 321 Themistocle,

167 347 282 383 quem
304 334 411 371 facile
432 333 617 373 Graeciae
636 336 849 384 principem
875 338 1066 386 ponimus,
1089 338 1317 387 singularem
1346 338 1471 376 ferunt

169 399 246 446 Qui
267 400 423 449 quidem
448 401 561 437 etiam
589 401 781 450 pollicenti
812 402 962 440 cuidam
988 415 1028 440 se
1055 409 1174 440 artem
1201 404 1235 440 ei
1261 405 1482 447 memoriae,

167 477 264 515 quae
313 473 394 502 tum
441 466 607 514 primum
652 466 920 515 proferebatur,
965 467 1200 513 traditurum,
1239 468 1482 517 respondisse

167 531 310 575 dicitur,
340 530 511 568 oblivisci
546 543 586 568 se
619 531 732 568 malle
765 532 933 569 discere:
977 533 1104 578 credo,
1140 533 1245 581 quod
1275 533 1480 571 haerebant
1500 543 1542 573 30

165 596 203 632 in
229 596 415 632 memoria
445 607 712 645 quaecumque
739 597 906 634 audierat
926 597 983 634 vel
1007 597 1161 635 viderat.
1219 597 1305 636 Tali
1326 598 1481 647 ingenio

165 661 357 709 praeditus
396 659 578 698 Lucullus
614 661 838 699 adiunxerat
871 663 985 699 etiam
1014 662 1128 708 illam,
1158 674 1274 712 quam
1303 663 1482 700 Themis-

165 726 284 762 tocles
331 732 532 774 spreverat,
571 726 822 775 disciplinam.
880 726 1025 776 Itaque,
1064 734 1106 764 ut
1152 727 1280 765 litteris
1328 729 1480 777 consig-

164 803 300 828 namus
338 803 436 839 quae
480 792 740 828 monumentis
785 792 970 829 mandare
1006 792 1204 829 volumus:
1254 793 1307 830 sic
1345 792 1404 830 ille
1442 793 1482 830 in

164 856 292 892 animo
323 868 383 893 res
416 856 624 904 insculptas
659 856 834 893 habebat.
892 857 1041 894 Tantus
1075 869 1167 906 ergo
1202 858 1409 906 imperator
1441 858 1481 894 in
1498 872 1538 904 35

164 921 271 956 omni
308 933 449 969 genere
488 921 573 957 belli
619 920 697 963 fuit,
737 922 897 970 praeliis,
937 923 1303 971 oppugnationibus,
1343 923 1481 959 navali-

163 986 233 1022 bus
262 986 412 1034 pugnis,
444 986 637 1035 totiusque
666 986 752 1023 belli
782 987 1032 1024 instrumento
1061 994 1098 1025 et
1125 995 1322 1036 apparatu,
1352 994 1393 1024 ut
1421 988 1480 1026 ille

165 1063 227 1087 rex
258 1058 344 1099 post
364 1051 628 1088 Alexandrum
654 1052 843 1090 maximus
874 1051 977 1089 hunc
1005 1064 1027 1089 a
1060 1064 1101 1089 se
1129 1053 1316 1089 maiorem
1343 1052 1480 1089 ducem

163 1117 372 1164 cognitum,
417 1128 533 1165 quam
582 1114 817 1166 quemquam
857 1129 1003 1162 eorum,
1042 1129 1140 1166 quos
1182 1117 1346 1167 legisset,
1388 1118 1480 1155 fate-

162 1188 274 1218 retur.
348 1181 394 1218 In
443 1182 580 1219 eodem
627 1183 745 1220 tantia
782 1183 982 1232 prudentia
1019 1181 1087 1219 fuit
1124 1182 1163 1219 in
1203 1183 1480 1220 constituendis
1498 1195 1540 1225 40

163 1247 498 1296 temperandisque
545 1248 765 1293 civitatibus,
810 1255 913 1285 tanta
951 1247 1135 1296 aequitas,
1176 1254 1217 1284 ut
1254 1248 1369 1284 hodie
1408 1255 1482 1286 stet

162 1312 256 1349 Asia
295 1312 443 1349 Luculli
478 1313 657 1351 institutis
696 1313 890 1351 servandis
924 1319 961 1349 et
997 1312 1106 1361 quasi
1144 1312 1313 1361 vestigiis
1351 1325 1480 1362 perse-

161 1377 338 1426 quendis.
413 1377 499 1423 Sed,
524 1378 592 1415 etsi
610 1390 753 1427 magna
779 1390 866 1416 cum
892 1378 1049 1414 utilitate
1078 1377 1320 1426 reipublicae,
1351 1386 1482 1415 tamen

162 1443 302 1480 diutius
339 1455 454 1492 quam
489 1443 623 1481 vellem
655 1451 759 1481 tanta
792 1444 846 1481 vis
879 1443 1025 1480 virtutis
1059 1451 1173 1492 atque
1202 1443 1344 1492 ingenii
1373 1456 1480 1492 pere-

163 1509 311 1557 grinata
350 1508 468 1546 abfuit
507 1510 555 1546 ab
592 1509 712 1547 oculis
750 1516 787 1547 et
824 1509 895 1546 fori
934 1516 971 1547 et
1009 1509 1145 1546 curiae.
1223 1508 1329 1555 Quin
1354 1510 1480 1554 etiam,
1498 1522 1538 1553 45

162 1586 281 1624 quum
310 1574 429 1611 victor
467 1586 489 1611 a
529 1573 791 1612 Mithridatico
832 1574 933 1611 bello
975 1574 1198 1619 revertisset,
1239 1574 1481 1611 inimicorum

164 1640 357 1677 calumnia
404 1640 568 1677 triennio
615 1639 757 1677 tardius
812 1651 929 1688 quam
985 1639 1167 1676 debuerat
1222 1638 1478 1688 triumphavit.

162 1704 248 1742 Nos
279 1705 381 1741 enim
411 1704 590 1742 consules
618 1704 898 1742 introduximus
926 1716 1049 1753 paene
1077 1704 1117 1740 in
1145 1702 1292 1740 Urbem
1330 1716 1479 1742 currum

162 1769 360 1807 clarissimi
398 1770 488 1807 viri:
549 1769 656 1807 cuius
697 1769 790 1806 mihi
836 1769 1036 1806 consilium
1074 1775 1112 1805 et
1149 1769 1352 1806 auctoritas
1389 1769 1479 1819 quid

162 1842 242 1872 tum
280 1835 319 1871 in
357 1835 534 1872 maximis
579 1835 693 1872 rebus
740 1834 945 1883 profuisset
989 1834 1167 1880 dicerem,
1212 1834 1284 1871 nisi
1326 1834 1374 1872 de
1416 1847 1479 1872 me
1498 1844 1539 1875 50

161 1901 246 1949 ipso
280 1900 486 1937 dicendum
515 1907 640 1937 esset:
679 1900 784 1949 quod
813 1900 887 1937 hoc
916 1906 1088 1948 tempore
1114 1911 1195 1936 non
1225 1907 1282 1936 est
1309 1912 1478 1938 necesse.

162 1965 297 2014 Itaque
335 1965 492 2013 privabo
540 1965 646 2001 illum
687 1965 814 2014 potius
857 1964 986 2002 debito
1024 1964 1244 2001 testimonio
1283 1976 1399 2013 quam
1441 1964 1481 2002 id

161 2043 250 2068 cum
269 2042 356 2067 mea
376 2029 487 2067 laude
507 2030 800 2067 communicem.

215 2095 303 2140 Sed,
347 2107 446 2144 quae
485 2095 661 2144 populari
700 2095 821 2144 gloria
863 2094 1033 2132 decorari
1075 2094 1115 2131 in
1155 2093 1316 2131 Lucullo
1359 2094 1477 2131 debu-

160 2167 281 2206 erunt,
311 2172 357 2197 ea
385 2159 462 2197 fere
492 2168 579 2197 sunt
608 2167 646 2197 et
675 2159 834 2198 Graecis
863 2160 991 2197 litteris
1025 2159 1215 2197 celebrata
1248 2166 1285 2196 et
1318 2159 1476 2197 Latinis.
1496 2173 1536 2204 55

159 2226 244 2264 Nos
282 2233 410 2263 autem
449 2225 511 2262 illa
550 2232 706 2262 externa
744 2237 832 2262 cum
869 2224 1008 2270 multis,
1047 2224 1142 2262 haec
1177 2225 1356 2262 interiora
1389 2236 1476 2262 cum

159 2291 291 2341 paucis
329 2303 374 2328 ex
413 2291 497 2339 ipso
537 2302 652 2339 saepe
691 2290 955 2339 cognovimus.
1025 2289 1172 2328 Maiore
1211 2291 1314 2327 enim
1352 2290 1478 2327 studio

161 2355 344 2393 Lucullus
380 2367 499 2404 quum
529 2357 636 2392 omni
674 2356 878 2392 litterarum
918 2356 1060 2403 generi.
1099 2362 1180 2393 tum
1217 2354 1482 2404 philosophiae
