1587 2533
113 112 156 144 11.
181 120 230 151 13.
343 101 516 142 RoME'S
544 112 670 143 RULE
701 112 758 142 OF
787 112 882 142 ΗΕΒ
914 112 1192 143 PROVINCES.
1350 104 1431 156 267

111 210 259 249 honore
279 211 318 248 in
345 223 414 249 suo
435 212 579 262 templo
606 212 722 250 fuisse
750 212 1012 250 arbitramini?
1043 212 1231 249 coniicere
1261 211 1431 260 potestis,

112 277 143 314 si
171 277 363 314 recordari
392 278 594 323 volueritis,
616 284 761 326 quanta
788 278 972 326 religione
1002 277 1111 314 suerit
1140 276 1276 313 eadem
1303 276 1432 325 specie

111 347 225 390 atque
254 341 377 379 forma
405 342 559 391 signum
587 343 690 389 illud,
720 343 826 391 quod
865 355 911 379 ex
942 342 1174 379 Macedonia
1204 347 1359 389 captum
1392 340 1432 376 in

112 405 304 455 Capitolio
332 414 512 456 posuerat
541 407 790 445 Flamininus.
861 407 1016 445 Etenim
1046 407 1116 443 tria
1144 406 1364 443 ferebantur
1393 405 1432 442 in

32 474 92 503 1550
110 472 203 509 orbe
224 478 406 509 terrarum
427 474 538 522 signa
552 472 652 510 Iovis
673 473 914 521 imperatoris
934 485 1013 510 uno
1034 473 1074 509 in
1094 484 1236 521 genere
1256 471 1432 520 pulcher-

110 537 203 574 rime
237 537 357 575 facta:
396 551 515 575 unum
544 538 635 575 illud
674 538 984 582 Macedonicum,
1015 538 1121 586 quod
1159 537 1199 574 in
1238 536 1430 585 Capitolio

109 602 296 640 vidimus:
327 603 499 648 alterum,
521 604 560 640 in
588 603 701 640 Ponti
730 615 795 640 ore
825 610 862 640 et
891 604 1102 652 angustiis:
1134 603 1296 647 tertium,
1325 601 1431 650 quod

111 667 308 717 Syracusis
329 675 416 705 ante
436 668 597 705 Verrem
618 676 833 717 praetorem
855 668 934 705 fuit.
992 668 1092 705 Illud
1119 667 1356 704 Flamininus
1380 667 1432 703 ita

110 744 157 770 ex
196 733 290 770 aede
328 745 398 771 sua
427 733 584 779 sustulit,
615 740 656 770 ut
693 733 732 769 in
763 733 966 782 Capitolio,
997 733 1071 770 hoc
1101 738 1158 770 est
1195 733 1233 769 in
1267 732 1431 769 terrestri

29 804 89 845 185
110 798 304 836 domicilio
343 799 458 844 Iovis,
493 805 665 848 poneret.
724 797 843 844 Quod
883 805 1011 836 autem
1051 805 1107 835 est
1146 798 1195 835 ad
1233 798 1431 835 introitum

109 863 233 909 Ponti,
254 863 303 910 id,
324 876 443 913 quum
463 870 541 900 tam
564 863 683 900 multa
703 876 750 900 ex
771 863 835 900 illo
856 864 951 900 mari
980 864 1078 900 bella
1099 863 1331 908 emerserint,
1353 870 1430 899 tam

108 929 227 966 multa
255 941 371 978 porro
401 930 439 966 in
478 929 646 967 Pontum
675 930 824 967 invecta
853 930 938 974 sint,
969 942 1090 978 usque
1121 929 1170 966 ad
1199 929 1298 966 hanc
1328 929 1430 966 diem

107 995 298 1044 integrum
326 995 625 1043 inviolatumque
655 1002 845 1032 servatum
884 1001 951 1032 est.
1011 994 1102 1032 Hoc
1131 996 1293 1039 tertium,
1326 995 1431 1045 quod

108 1067 187 1097 erat
208 1060 416 1108 Syracusis,
433 1060 539 1109 quod
560 1059 616 1098 M.
637 1060 856 1106 Marcellus,
873 1067 1042 1097 armatus
1064 1067 1100 1097 et
1121 1061 1251 1104 victor,
1272 1061 1430 1105 viderat,

29 1136 90 1168 190
108 1125 214 1174 quod
233 1126 407 1174 religioni
428 1132 681 1172 concesserat,
704 1126 809 1175 quod
829 1126 930 1163 cives
959 1134 1072 1175 atque
1097 1126 1247 1163 incolae
1270 1125 1431 1175 Syracu-

108 1191 191 1228 sani
211 1191 346 1236 colere,
367 1191 537 1229 advenae
557 1203 637 1228 non
665 1191 789 1228 solum
809 1192 942 1236 visere,
964 1204 1095 1227 verum
1116 1191 1230 1228 etiarn
1259 1191 1429 1227 venerari

109 1255 308 1293 solebant:
337 1256 377 1293 id
397 1255 440 1293 C.
456 1256 597 1293 Verres
622 1269 669 1293 ex
696 1256 840 1304 templo
862 1256 965 1293 Iovis
987 1256 1145 1293 sustulit.
1205 1255 1258 1292 Ut
1279 1257 1430 1304 saepius

109 1321 157 1358 ad
179 1321 232 1358 M.
256 1321 483 1358 Marcellum
501 1328 676 1367 revertar,
697 1321 853 1366 iudices,
876 1322 929 1358 sic
958 1321 1163 1359 habetote:
1193 1321 1321 1370 plures
1346 1333 1430 1358 esse

107 1399 130 1424 a
160 1385 406 1436 Syracusanis
445 1387 551 1424 istius
590 1386 756 1424 adventu
787 1387 892 1432 deos,
923 1399 1039 1436 quam
1067 1386 1224 1423 victoria
1258 1386 1430 1424 Marcelli

29 1461 88 1494 195
107 1451 285 1489 homines
315 1452 576 1489 desideratos:
619 1451 774 1489 Etenim
812 1452 871 1489 ille
910 1451 1113 1500 requisisse
1153 1452 1287 1488 dicitur
1316 1452 1430 1489 etiam

107 1517 379 1554 Archimedem
407 1517 523 1563 illum,
550 1529 703 1554 summo
732 1518 887 1566 ingenio
915 1517 1114 1554 hominem
1144 1529 1188 1554 ac
1219 1517 1429 1565 disciplina,

108 1594 273 1631 eumque
303 1595 422 1631 quum
451 1583 617 1620 audisset
646 1582 898 1628 interfectum,
920 1582 1149 1631 permoleste
1179 1582 1330 1619 tulisse:
1361 1583 1430 1619 iste

108 1647 250 1693 omnia,
271 1660 369 1697 quae
394 1648 597 1698 requisivit,
619 1660 699 1686 non
728 1655 769 1685 ut
795 1654 1047 1692 conservaret,
1069 1660 1200 1684 verum
1230 1654 1270 1684 ut
1297 1659 1431 1696 aspor-

107 1719 214 1759 taret,
234 1713 436 1763 requisivit.
485 1713 569 1750 Iam
590 1714 662 1758 illa,
684 1714 774 1762 quia
793 1713 934 1750 leviora
954 1713 1191 1758 videbuntur,
1214 1713 1300 1750 ideo
1320 1725 1431 1761 prae-

29 1788 90 1809 200
107 1779 255 1816 teribo:
286 1779 391 1828 quod
418 1779 488 1816 iste
515 1791 670 1817 mensas
697 1778 905 1827 Delphicas
932 1790 952 1815 e
973 1790 1176 1822 marmore,
1199 1785 1363 1816 crateras
1383 1790 1430 1815 ex

109 1856 196 1882 aere
225 1843 509 1893 pulcherrimas,
529 1845 606 1881 vim
632 1844 841 1881 maximam
869 1855 1046 1880 vasorum
1075 1842 1362 1880 Corinthiorum
1383 1856 1430 1881 ex

109 1909 291 1946 omnibus
321 1909 480 1946 aedibus
511 1910 627 1947 sacris
660 1909 856 1958 Syracusis
882 1909 1043 1946 abstulit.
1105 1908 1251 1958 Itaque,
1273 1909 1429 1956 iudices,

109 1973 158 2019 hi,
190 1974 254 2024 qui
283 1974 456 2023 hospites
486 1975 535 2012 ad
563 1987 608 2012 ea
638 1987 735 2024 quae
765 1974 924 2011 visenda
954 1980 1040 2010 sunt
1072 1974 1211 2012 ducere
1242 1975 1365 2012 solent
1395 1982 1432 2012 et

109 2052 231 2077 unum
260 2039 428 2089 quidque
457 2040 671 2083 ostendere,
694 2051 791 2089 quos
818 2039 866 2076 illi
894 2046 1147 2088 mystagogos
1166 2047 1316 2086 vocant,
1339 2052 1430 2078 con-

31 2112 90 2144 205
110 2117 259 2143 versam
285 2106 362 2142 iarn
388 2104 531 2143 habent
555 2106 924 2143 demonstrationem
954 2117 1073 2142 suam.
1132 2105 1247 2152 Nam,
1274 2113 1315 2143 ut
1344 2114 1431 2144 ante

111 2160 434 2215 demonstrabant,
465 2171 557 2220 quid
593 2171 734 2220 ubique
765 2178 887 2208 esset:
921 2171 973 2208 ita
1002 2183 1117 2218 nunc,
1138 2172 1231 2220 quid
1261 2173 1431 2223 undique

111 2236 279 2273 ablatum
299 2236 356 2281 sit,
378 2236 597 2275 ostendunt.

168 2302 203 2338 8.
234 2299 339 2346 Quid
359 2302 464 2338 tum?
494 2302 728 2339 mediocrine
749 2301 904 2339 tandem
927 2301 1058 2339 dolore
1080 2314 1148 2340 eos
1168 2302 1326 2341 affectos
1347 2315 1432 2341 esse

113 2365 374 2404 arbitramini?
432 2365 525 2404 Non
553 2368 605 2404 ita
632 2374 701 2413 est,
736 2367 905 2405 iudices:
948 2367 1125 2417 primum,
1155 2368 1260 2418 quod
1295 2381 1434 2407 omnes
