1587 2533
542 95 698 127 GREEK
728 95 1012 129 ANECDOTES.
1382 101 1433 143 23

62 200 99 232 25
120 191 226 241 sequi
260 190 468 236 videbatur,
500 190 568 228 sed
600 202 646 227 ea
684 189 786 227 nulla
824 197 913 236 erat,
948 197 1187 240 repugnante
1225 190 1435 229 honestate.

120 257 401 295 Themistocles
440 262 527 305 post
561 256 754 293 victoriam
794 255 874 293 eius
912 256 1008 302 belli,
1045 256 1150 305 quod
1189 269 1276 294 cum
1314 257 1437 294 Persis

118 322 197 367 fuit,
236 322 330 359 dixit
373 321 413 359 in
457 321 647 366 contione,
687 332 728 358 se
773 320 912 359 habere
960 322 1162 359 consilium
1209 321 1438 371 reipublicae

119 387 292 432 salutare,
314 386 383 424 sed
411 385 449 423 id
479 386 565 423 sciri
593 397 673 423 non
702 397 800 434 opus
830 398 935 424 esse:
975 386 1190 436 postulavit,
1211 393 1252 424 ut
1272 387 1439 436 aliquem

119 452 285 501 populus
315 451 430 497 daret,
461 451 617 501 quicum
644 451 956 489 communicaret.
1014 452 1136 490 Datus
1163 457 1219 490 est
1242 451 1438 489 Aristides.

63 530 103 561 30
122 517 227 556 Huic
258 517 330 564 ille,
363 517 524 555 classem
554 516 964 564 Lacedaemoniorum,
994 530 1093 567 quae
1125 518 1312 556 subducta
1341 524 1441 556 esset

121 583 170 621 ad
202 582 406 633 Gytheum,
439 582 538 620 clam
568 581 720 619 incendi
754 594 894 631 posse;
931 594 1009 632 quo
1038 583 1138 621 facto
1168 583 1292 633 frangi
1320 583 1441 621 Lace-

121 648 415 687 daemoniorum
456 659 553 696 opes
588 659 746 705 necesse
782 654 892 686 esset.
951 648 1070 695 Quod
1103 649 1288 687 Aristides
1322 661 1441 700 quum

121 714 298 761 audisset,
325 714 364 751 in
395 713 616 751 contionem
646 724 788 762 magna
818 714 1104 763 exspectatione
1131 715 1233 752 venit
1262 714 1440 764 dixitque,

121 779 279 828 perutile
325 790 410 816 esse
455 777 658 815 consilium
703 779 809 827 quod
847 778 1129 818 Themistocles
1175 780 1334 826 afferret,
1374 779 1441 817 sed

62 855 100 886 35
121 845 278 882 minime
298 844 516 882 honestum.
568 843 703 892 Itaque
723 843 989 891 Athenienses,
1011 845 1116 895 quod
1136 845 1342 884 honestum
1361 857 1442 883 non

121 917 230 955 esset,
261 910 300 948 id
329 922 377 948 ne
406 908 495 947 utile
525 908 680 958 quidem
710 916 938 959 putaverunt
953 924 964 958 3
999 917 1197 962 totamque
1231 924 1316 949 eam
1349 924 1441 957 rem,

121 987 238 1026 quam
258 987 307 1013 ne
326 974 526 1013 audierant
546 974 713 1024 quidem,
734 981 888 1014 auctore
907 975 1073 1014 Aristide
1093 976 1398 1026 repudiaverunt.

185 1135 255 1170 26.
296 1129 425 1169 Cicero
443 1129 548 1180 finds
577 1129 633 1167 the
666 1128 776 1167 Tomb
804 1130 854 1181 qs
870 1129 1104 1168 Archimedes
1132 1135 1175 1169 al
1200 1130 1391 1180 Syracuse.

176 1240 417 1280 Archimedis
436 1251 510 1289 ego
531 1246 710 1290 quaestor
730 1235 945 1290 ignoratum
968 1242 1017 1279 ab
1045 1241 1305 1292 SyracusaniS,
1328 1256 1443 1296 quum

123 1320 207 1346 esse
237 1307 397 1344 omnino
427 1311 623 1355 negarent,
645 1313 796 1355 septum
822 1307 992 1356 undique
1016 1313 1053 1345 et
1073 1308 1249 1345 vestitum
1269 1310 1445 1357 vepribus

123 1381 161 1412 et
190 1371 352 1411 dumetis
381 1371 559 1420 indagavi
588 1372 813 1421 sepulcrum.
882 1373 1085 1411 Tenebam
1119 1373 1222 1410 enim
1255 1374 1444 1423 quosdam

122 1438 344 1484 senariolos,
375 1449 473 1487 quos
504 1437 543 1474 in
572 1437 654 1475 eius
682 1446 936 1476 monumento
965 1451 1048 1476 esse
1076 1439 1280 1488 inscriptos
1308 1451 1445 1489 accep-

86 1522 104 1555 5
123 1517 238 1551 eram,
269 1503 335 1554 qui
368 1503 616 1541 declarabant
649 1503 688 1541 in
722 1516 875 1542 summo
911 1505 1086 1554 sepulcro
1119 1504 1323 1554 sphaeram
1362 1518 1446 1543 esse

123 1570 289 1621 positam
323 1580 412 1606 cum
446 1568 628 1618 cylindro.
684 1568 772 1619 Ego
811 1576 950 1616 autem,
985 1582 1103 1619 quum
1141 1571 1273 1608 omnia
1309 1571 1446 1609 collus-

123 1643 261 1674 trarem
291 1635 422 1680 oeulis,
457 1635 533 1683 (est
565 1635 668 1672 enim
698 1635 746 1673 ad
777 1642 907 1685 portas
937 1634 1176 1674 Achradinas
1205 1648 1348 1686 magna
1376 1637 1446 1674 fre-

124 1701 281 1752 quentia
309 1698 601 1752 sepulcrorum‚)
631 1701 878 1739 animadverti
907 1701 1148 1739 columellam
1177 1714 1257 1740 non
1285 1703 1444 1740 multum

125 1780 146 1805 e
184 1766 309 1805 dumis
351 1766 607 1804 eminentem:
664 1766 703 1804 in
748 1778 824 1817 qua
866 1767 986 1804 inerat
1030 1766 1213 1816 sphaerae
1252 1767 1373 1818 figura
1410 1776 1447 1806 et

69 1847 108 1871 10
125 1832 294 1883 cylindri.
349 1831 479 1882 Atque
508 1843 582 1882 ego
612 1832 738 1870 statim
769 1831 1015 1882 Syracusanis
1045 1831 1169 1883 (erant
1191 1840 1318 1872 autern
1345 1835 1446 1884 prin-

125 1899 230 1948 cipes
268 1895 439 1948 mecum)
479 1897 568 1944 dixi,
603 1909 665 1935 me
704 1898 795 1936 illud
833 1899 959 1949 ipsum
999 1899 1168 1936 arbitrari
1206 1911 1303 1947 esse,
1343 1901 1448 1951 quod

125 1976 359 2014 quaererem.
417 1963 585 2002 Immissi
614 1976 701 2002 cum
722 1964 881 2002 falcibus
900 1964 1007 2002 multi
1027 1972 1237 2015 purgarunt
1258 1972 1294 2004 et
1313 1978 1447 2016 aperu-

125 2036 236 2068 erunt
271 2029 412 2068 locum.
469 2029 561 2077 Quo
595 2042 714 2080 quum
747 2030 958 2080 patefactus
993 2039 1092 2069 esset
1130 2032 1266 2078 aditus,
1300 2033 1349 2070 ad
1383 2033 1448 2070 ad-

92 2138 93 2141 *
126 2108 274 2134 versam
311 2096 435 2134 basim
473 2096 717 2135 accessimus.
786 2097 1008 2147 Apparebat
1047 2097 1295 2147 epigramma,
1327 2099 1449 2137 exesis

71 2177 107 2209 ¹5
126 2161 403 2212 posterioribus
450 2162 620 2212 partibus
667 2163 949 2210 versiculorum,
977 2164 1182 2202 dimidiatis
1230 2163 1319 2203 fere.
1391 2165 1450 2202 Ita

126 2227 364 2266 nobilissima
397 2227 582 2267 Graeciae
615 2228 756 2275 civitas,
793 2229 989 2278 quondam
1023 2241 1113 2267 vero
1145 2231 1259 2268 etiam
1290 2231 1449 2269 doctiss-

127 2292 215 2340 ima,
254 2294 312 2332 sui
350 2294 440 2332 civis
478 2295 590 2332 unius
630 2294 836 2333 acutissimi
879 2302 1174 2333 monumentum
1223 2297 1448 2346 ignorasset,

127 2358 201 2396 nisi
222 2358 270 2396 ab
286 2358 447 2407 ‘homine
468 2359 650 2408 Arpinate
671 2359 873 2398 didicisset.
