1587 2533
146 127 223 158 Sect.
241 126 297 159 IV.
520 125 608 157 ΒΕΑ
619 125 754 157 UTIES
785 126 842 157 OF
870 125 934 156 NA
945 124 1079 158 TURE.
1389 126 1468 174 173

68 232 129 264 260
146 227 234 264 cibo
264 238 378 265 sucus
406 225 449 273 is,
472 239 550 276 quo
581 226 726 269 alimur,
748 232 948 276 permanat
977 226 1026 264 ad
1053 227 1169 272 iecur,
1190 238 1259 275 per
1280 227 1470 275 quasdam

147 304 170 329 a
188 292 318 329 medio
347 292 527 329 intestino
556 303 678 340 usque
707 291 755 328 ad
784 298 916 340 portas
945 292 1083 329 iecoris
1104 291 1176 341 <sic
1205 291 1309 328 enirn
1339 293 1472 341 appel-

146 354 286 407 lantur)
309 356 441 394 ductas
462 364 498 394 et
519 357 679 394 directas
699 357 790 402 vias,
813 369 911 406 quae
941 357 1132 406 pertinent
1161 356 1210 394 ad
1234 356 1338 394 iecur
1358 358 1470 406 eique

148 421 366 459 adhaerent.
423 422 551 471 Atque
566 421 655 459 inde
676 421 771 458 aliae
791 423 1023 470 pertinentes
1045 428 1142 467 sunt,
1164 433 1233 470 per
1252 433 1348 471 quas
1369 423 1472 460 cadit

149 486 255 524 cibus
275 499 297 524 a
316 487 442 525 iecore
463 487 652 536 delapsus.
710 486 772 524 Ab
799 498 846 524 eo
872 488 958 523 cibo
989 499 1107 536 quum
1135 493 1192 524 est
1212 494 1359 524 secreta
1386 488 1472 524 bilis

63 555 127 596 265
147 551 249 600 iique
277 551 468 597 humores,
500 553 564 602 qui
597 564 617 589 e
651 552 805 589 renibus
839 551 1145 600 profunduntur:
1183 552 1330 601 reliqua
1359 564 1401 590 se
1431 552 1471 590 in

148 619 378 666 sanguinem
391 624 540 655 vertunt
562 617 612 655 ad
632 617 864 666 easdemque
884 624 1014 667 portas
1035 618 1171 655 iecoris
1194 618 1405 664 confluunt,
1423 618 1471 656 ad

148 696 243 734 quas
259 696 397 721 omnes
416 684 496 721 eius
510 683 591 720 viae
611 683 823 732 pertinent:
853 695 923 732 per
943 695 1038 733 quas
1058 683 1188 732 lapsus
1209 684 1316 721 cibus
1337 684 1377 721 in
1396 684 1471 722 hoc

147 750 234 799 ipso
253 749 341 786 loco
369 749 408 786 in
432 761 517 786 earn
543 760 692 793 venam,
714 760 813 796 quae
842 760 935 786 cava
961 749 1184 797 appellatur,
1211 749 1472 794 confunditur,

150 826 294 864 perque
324 826 410 851 eam
438 814 487 851 ad
516 826 582 851 cor
611 812 809 850 confectus
839 813 916 850 iam
946 821 1155 863 coctusque
1185 815 1413 863 perlabitur;
1451 827 1474 852 a

72 886 132 920 ²70
151 879 266 918 corde
287 886 414 916 autem
434 879 474 916 in
494 885 615 917 totum
633 890 772 927 corpus
790 880 1022 916 distribuitur
1037 892 1104 928 per
1123 892 1240 918 venas
1261 881 1473 918 admodum

150 945 300 990 multas,
321 945 359 981 in
380 955 515 981 omnes
535 949 661 993 partes
682 944 855 993 corporis
876 945 1117 993 pertinentes.

204 1014 259 1048 11.
289 1010 373 1047 Iam
393 1010 455 1047 illa
474 1010 682 1059 explicetur
705 1010 936 1048 incredibilis
966 1009 1109 1048 fabrica
1138 1017 1309 1048 naturae.
1368 1010 1474 1048 Nam

150 1088 248 1126 quae
269 1076 401 1125 spiritu
420 1076 460 1112 in
480 1076 686 1125 pulmones
714 1077 841 1114 anima
869 1076 1029 1121 ducitur,
1052 1088 1097 1113 ea
1123 1077 1277 1114 calescit
1305 1078 1473 1126 primum

150 1142 200 1179 ab
232 1142 317 1190 ipso
349 1141 492 1191 spiritu,
524 1141 662 1179 deinde
692 1142 950 1191 coagitatione
980 1141 1232 1190 pulmonum:
1272 1155 1320 1180 ex
1349 1155 1471 1192 eaque

71 1212 131 1245 275
151 1219 239 1257 pars
267 1206 436 1244 redditur
464 1207 700 1256 respirando,
721 1219 810 1256 pars
839 1207 1054 1256 concipitur
1084 1208 1212 1245 cordis
1241 1215 1349 1257 parte
1378 1220 1474 1258 qua-

151 1271 252 1317 dam,
282 1283 399 1321 quern
432 1273 682 1310 ventriculum
717 1273 843 1310 cordis
881 1273 1086 1322 appellant,
1118 1273 1179 1311 cui
1214 1274 1344 1312 similis
1382 1274 1475 1311 alter

151 1336 352 1374 adiunctus
388 1344 455 1382 est,
485 1337 524 1374 in
564 1349 679 1386 quem
713 1338 869 1386 sanguis
899 1350 920 1375 a
949 1338 1076 1375 iecore
1106 1350 1174 1386 per
1202 1350 1340 1375 venam
1373 1339 1475 1376 illam

151 1414 285 1440 cavam
304 1402 437 1440 influit.
494 1403 630 1452 quue
650 1404 769 1440 modo
800 1415 847 1440 ex
874 1403 932 1440 his
953 1404 1125 1452 partibus
1155 1410 1192 1441 et
1221 1405 1378 1453 sanguis
1408 1417 1477 1454 per

151 1479 269 1505 venas
307 1468 347 1505 in
380 1480 497 1505 omne
531 1480 672 1517 corpus
706 1468 928 1506 diffunditur
958 1475 995 1506 et
1024 1469 1176 1517 spiritus
1211 1481 1279 1518 per
1308 1471 1475 1508 arterias.

73 1529 136 1560 ²80
153 1532 348 1582 Utraeque
368 1539 496 1571 autem
516 1535 672 1572 crebrae
692 1534 910 1583 multaeque
931 1540 1013 1572 toto
1034 1545 1196 1582 corpore
1217 1534 1384 1571 intextae
1399 1536 1476 1572 vim

154 1599 361 1648 quamdam
390 1599 652 1636 incredibilem
681 1599 874 1637 artificiosi
899 1600 1027 1649 operis
1057 1600 1249 1649 divinique
1279 1607 1476 1638 testantur.

155 1663 260 1710 Quid
281 1664 406 1702 dicam
427 1664 473 1702 de
494 1665 656 1711 ossibus,
678 1677 775 1714 quae
797 1665 967 1702 subiecta
987 1666 1137 1714 corpori
1158 1666 1348 1703 mirabiles
1369 1678 1478 1704 com-

155 1730 335 1768 missuras
355 1729 497 1767 habent
518 1737 554 1768 et
575 1730 624 1768 ad
645 1731 885 1768 stabilitatem
906 1737 1072 1779 aptaset
1093 1731 1142 1768 ad
1161 1738 1263 1768 artus
1284 1731 1475 1770 finiendos

155 1795 466 1833 accommodatas
487 1802 523 1833 et
539 1789 592 1833 ‘ad
607 1803 756 1833 motum
773 1803 810 1833 et
830 1796 879 1833 ad
899 1808 1057 1833 omnem
1078 1796 1250 1845 corporis
1270 1798 1476 1835 actionem.

75 1855 135 1895 ²85
156 1861 248 1899 Huc
267 1861 365 1898 adde
386 1873 533 1907 nervos,
556 1873 577 1898 a
597 1862 735 1910 quibus
761 1868 863 1898 artus
894 1862 1148 1906 continentur,
1170 1873 1380 1912 eorumque
1407 1863 1477 1900 im-

156 1924 401 1974 plicationem
434 1930 515 1961 toto
554 1935 717 1973 corpore
755 1925 1020 1972 pertinentem,
1057 1924 1122 1972 qui
1157 1925 1253 1962 sieut
1286 1937 1406 1962 venae
1439 1932 1477 1964 et

155 1990 311 2029 arteriae
332 2003 354 2027 a
373 1990 488 2027 eorde
508 1991 614 2027 tracti
635 1997 672 2027 et
692 1990 852 2039 profecti
873 1990 911 2026 in
933 2001 1073 2038 corpus
1093 2002 1210 2027 omne
1231 1991 1432 2030 ducuntur.

209 2060 273 2094 12.
302 2054 365 2092 Ad
384 2054 483 2092 hanc
503 2055 781 2104 providentiam
802 2062 959 2092 naturae
980 2061 1060 2091 tam
1077 2055 1298 2105 diligentem
1321 2064 1477 2107 tamque

157 2121 348 2160 sollertem
369 2121 523 2169 adiungi
545 2121 663 2158 multa
689 2127 863 2170 possunt,
886 2132 906 2157 e
928 2121 1066 2169 quibus
1093 2121 1334 2171 intelligatur,
1356 2136 1478 2172 quan-

78 2192 140 2224 290
157 2194 216 2225 tae
235 2199 296 2224 res
316 2186 536 2223 hominibus
556 2199 578 2223 a
599 2187 681 2231 diis,
704 2197 898 2234 quamque
919 2186 1082 2223 eximiae
1105 2187 1265 2225 tributae
1287 2189 1381 2226 sint:
1413 2190 1478 2237 qui

156 2251 320 2302 primum
350 2263 418 2288 eos
447 2250 566 2288 humo
595 2252 778 2288 excitatos
809 2251 932 2288 celsos
960 2257 998 2288 et
1026 2258 1174 2290 erectos
1204 2254 1409 2299 constituit,
1437 2262 1478 2292 ut

155 2318 316 2356 deorum
338 2317 598 2366 cognitionem
619 2317 767 2354 caelum
788 2317 979 2354 intuentes
999 2328 1136 2366 capere
1157 2325 1329 2366 possent.
1381 2318 1477 2358 Sunt

155 2381 257 2422 enim
277 2395 297 2421 e
318 2390 416 2422 terra
435 2382 612 2420 homines
639 2394 719 2420 non
748 2388 789 2419 ut
818 2381 967 2420 incolae
998 2389 1112 2433 atque
1140 2383 1384 2432 habitatores,
1408 2385 1476 2428 sed
