1587 2533
536 81 709 113 ROMAN
736 81 1019 112 ANEcDoTES.
1381 73 1435 124 65

119 174 266 214 Luculli
294 176 524 225 quibusdam
553 176 656 214 libris
677 176 741 221 uti,
763 177 849 214 veni
868 176 907 213 in
937 176 1018 213 eius
1039 175 1176 220 villam,
1197 181 1237 211 ut
1267 186 1334 212 eos
1355 175 1435 222 ipse

119 240 177 291 (ut
197 240 388 291 solebam)
409 241 497 278 inde
517 254 746 291 promerem.
783 241 873 287 Quo
889 253 1008 291 quum
1028 241 1232 286 venissem,
1248 239 1302 276 M.
1321 239 1434 276 Cato-

119 319 219 354 nern,
247 319 361 357 quem
382 308 433 344 ibi
454 320 538 345 esse
559 308 783 354 nescieram,
804 307 879 344 vidi
905 308 944 345 in
971 306 1201 344 bibliotheca
1228 305 1435 349 sedentem,

77 387 96 418 5
118 373 244 410 multis
273 373 549 411 circumfusum
580 372 798 410 Stoicorum
828 373 940 410 libris.
997 372 1090 410 Erat
1113 372 1274 421 enimin
1303 382 1350 408 eo
1380 370 1435 406 in-

117 438 301 476 exhausta
320 438 478 476 aviditas
498 438 662 487 legendi,
683 450 755 476 nec
777 439 901 476 satiari
922 445 1093 488 poterat:
1124 438 1266 487 quippe
1287 436 1362 485 qui,
1384 447 1432 472 ne

116 503 454 554 reprehensionem
483 504 637 553 quidem
671 504 772 553 vulgi
806 504 960 541 inanem
990 503 1255 548 reformidans,
1286 503 1325 539 in
1353 501 1436 550 ipsa

117 570 219 607 curia
256 569 393 607 soleret
431 569 556 619 legere
600 581 726 618 saepe,
766 570 858 607 dum
899 576 1051 608 senatus
1091 574 1302 618 cogeretur,
1342 566 1435 603 nihil

116 647 256 685 operae
275 635 504 685 reipublicae
527 635 752 672 detrahens:
783 648 859 685 quo
881 636 1004 685 magis
1025 642 1106 673 tum
1127 635 1165 671 in
1183 645 1333 672 summo
1356 633 1433 670 otio

61 711 99 736 ιο
116 702 358 751 maximaque
387 702 498 751 copia
528 702 636 750 quasi
665 701 820 739 helluari
850 702 962 747 libris,
985 702 1016 739 si
1046 701 1120 738 hoc
1140 701 1257 738 verbo
1288 701 1328 736 in
1357 706 1432 736 tam

115 767 215 805 clara
243 781 283 806 re
302 768 487 805 utendum
517 773 583 812 est,
605 767 813 805 videbatur.
872 767 990 814 Quod
1021 779 1140 817 quum
1170 765 1373 804 accidisset
1393 772 1433 802 ut
1459 764 1467 771 ’

115 833 207 871 alter
227 833 385 871 alterum
404 833 636 881 necopinato
658 833 884 880 videremus,
906 834 1065 871 surrexit
1086 833 1222 871 statim.
1280 831 1433 869 Deinde

114 899 236 948 prima
256 899 327 945 illa,
348 910 446 948 quae
467 898 506 935 in
527 910 738 947 congressu
759 899 948 936 solemus:

169 964 297 1011 ‘Quid
323 964 388 1010 tu‚'
418 964 550 1014 inquit,
573 964 695 1001 ‘huc?
725 976 747 1002 a
767 965 851 1003 villa
881 966 995 1012 enim,
1017 965 1154 1004 credo:
1187 972 1234 1010 et,
1258 964 1295 1017 si
1316 964 1366 1001 ibi
1395 970 1441 1017 te,

58 1043 94 1075 15
114 1041 197 1068 esse
218 1030 395 1082 §9125535112
409 1029 514 1081 adte
533 1029 616 1080 ipse
636 1030 850 1084 venissem?

168 1095 309 1141 ‘Heri,'
330 1096 498 1144 inquam,
520 1094 639 1133 ‘ludis
666 1097 893 1143 commissis,
914 1110 961 1135 ex
991 1097 1096 1135 Urbe
1126 1096 1320 1147 profectus
1346 1095 1431 1133 veni

113 1161 163 1199 ad
191 1173 404 1211 vesperum.
461 1160 589 1199 Causa
618 1169 746 1200 autem
765 1162 833 1200 fuit
861 1162 936 1200 huc
964 1163 1152 1209 veniendi,
1173 1169 1215 1200 ut
1243 1161 1433 1211 quosdam

113 1226 202 1265 hinc
221 1227 336 1265 libros
356 1239 598 1277 promerem:
628 1235 664 1265 et
691 1229 858 1278 quidem,
881 1228 990 1275 Cato,
1011 1236 1133 1267 totam
1160 1229 1258 1266 hanc
1280 1228 1432 1277 copiam

114 1293 190 1331 iam
218 1293 379 1331 Lucullo
408 1300 540 1331 nostro
570 1300 702 1331 notam
732 1307 815 1332 esse
845 1295 1047 1344 oportebit.
1105 1294 1208 1332 Nam
1237 1295 1295 1331 his
1328 1294 1431 1331 libris

56 1374 95 1396 κο
114 1372 202 1404 eum
230 1360 345 1406 malo,
367 1372 483 1410 quam
511 1359 658 1409 reliquo
688 1367 826 1398 ornatu
854 1362 962 1399 villae
992 1361 1180 1399 delectari.
1238 1360 1307 1397 Est
1327 1360 1429 1397 enim

113 1425 205 1463 mihi
224 1438 389 1476 magnae
410 1438 535 1472 curae,
558 1427 811 1476 (quamquam
832 1427 905 1465 hoc
926 1427 1080 1477 quidem
1107 1426 1305 1476 proprium
1324 1432 1432 1463 tuum

90 1535 96 1540 ‚
113 1503 254 1529 munus
275 1493 360 1539 est,)
382 1498 423 1530 ut
442 1492 493 1529 ita
520 1492 720 1539 erudiatur,
742 1500 783 1530 ut
802 1499 840 1531 et
859 1493 956 1543 patri
977 1499 1014 1531 et
1035 1493 1224 1542 Caepioni
1245 1497 1376 1529 nostro
1397 1498 1434 1529 et

115 1557 180 1594 tibi
208 1562 286 1595 tam
316 1558 537 1608 propinquo
571 1559 811 1608 respondeat.
870 1559 1024 1597 Laboro
1068 1565 1194 1596 autem
1233 1570 1312 1596 non
1351 1557 1433 1596 sine

115 1636 240 1661 causa.
297 1623 400 1661 Nam
424 1631 461 1662 et
484 1625 542 1662 avi
562 1625 641 1662 eius
662 1625 847 1662 memoria
867 1636 1026 1662 moveor
1046 1623 1135 1675 (nec
1156 1624 1260 1661 enim
1279 1624 1434 1673 ignoras

58 1706 95 1737 ²5
116 1689 247 1738 quanti
273 1689 427 1727 fecerim
448 1689 686 1739 Caepionem
704 1703 712 1727 z
748 1690 823 1739 qui,
844 1696 884 1727 ut
912 1691 1045 1739 opinio
1065 1702 1152 1728 mea
1172 1689 1252 1735 fert,
1274 1690 1312 1726 in
1332 1690 1433 1739 prin-

115 1755 264 1804 cipibus
284 1755 361 1793 iam
381 1762 492 1803 esset,
514 1757 545 1794 si
571 1757 709 1794 viveret
723 1754 748 1806 z)
783 1762 820 1793 et
840 1756 1023 1794 Lucullus
1044 1756 1137 1793 mihi
1157 1763 1326 1794 versatur
1346 1763 1433 1793 ante

115 1820 260 1866 oculos,
280 1821 335 1858 vir
354 1833 474 1871 quum
500 1823 681 1860 omnibus
702 1822 904 1869 excellens,
925 1829 1006 1859 tum
1027 1834 1179 1859 mecum
1207 1828 1243 1859 et
1270 1821 1434 1860 amicitia

115 1892 153 1924 et
171 1886 278 1924 omni
297 1886 489 1925 voluntate
511 1888 772 1938 sententiaque
793 1887 1045 1926 coniunctus.’

171 1952 411 1999 ‘Praeclare‚’
428 1954 561 2003 inquit,
580 1953 703 1999 ‘facis,
726 1967 845 2004 quum
861 1961 898 1992 et
914 1967 1047 1992 eorum
1067 1954 1295 1992 memoriam
1315 1961 1432 2000 tenes,

25 2008 31 2014 ’
57 2031 97 2062 30
112 2030 279 2068 quorum
307 2025 465 2068 uterque
494 2019 561 2057 tibi
590 2025 820 2057 testamento
850 2020 988 2058 liberos
1019 2032 1109 2058 suos
1138 2020 1432 2066 commendavit,

115 2090 152 2122 et
183 2096 345 2133 puerum
384 2084 518 2134 diligis.
577 2085 698 2132 Quod
732 2092 859 2124 autem
892 2099 1023 2125 meum
1051 2099 1192 2125 munus
1223 2087 1327 2133 dicis,
1353 2099 1433 2124 non

115 2150 294 2199 equidem
313 2161 470 2188 recuso:
502 2150 569 2188 sed
588 2156 625 2188 te
646 2142 816 2201 adiungo
846 2153 1002 2190 socium.
1060 2153 1176 2191 Addo
1198 2154 1311 2190 etiarn
1331 2153 1431 2199 illud,

115 2216 234 2254 multa
253 2217 329 2253 iam
346 2215 437 2253 mihi
458 2216 547 2254 dare
563 2218 673 2266 signa
693 2229 854 2267 puerum
870 2225 906 2256 et
925 2218 1084 2268 pudoris
1101 2226 1137 2257 et
1157 2219 1312 2269 ingenii.
1357 2218 1496 2273 S-edf,

115 2288 278 2326 aetatem
297 2281 425 2320 vides!

0 2345 1 2373 ἶ
57 2363 96 2396 35
171 2347 318 2386 ‘Video
347 2346 550 2398 equidem:
580 2348 760 2398 inquam:
801 2349 890 2387 ‘sed
921 2356 1049 2387 tamen
1080 2350 1155 2388 iam
1184 2351 1286 2389 infici
1320 2351 1432 2389 debet

768 2427 790 2452 ιτ
