1587 2533
580 101 738 132 GREEK
767 101 1053 133 ANECDOTES.
1417 103 1467 146 27

158 194 266 246 quod
287 206 429 233 caenae
449 201 565 244 caput
584 201 673 241 erat,
701 195 943 234 delectatum.
1001 195 1104 233 Tum
1129 196 1171 243 is,
1199 196 1263 246 qui
1292 196 1353 234 illa
1379 208 1471 234 cox-

157 268 257 300 erat:
289 263 299 280 ‘
315 252 477 298 Minime
497 261 646 307 mirum,
667 261 912 299 condimenta
932 261 1033 298 enim
1055 261 1276 299 defuerunt.'
1335 264 1344 280 ‘
1361 261 1471 307 Quae

156 325 361 365 tandem?'
402 325 523 375 inquit
555 325 627 363 ille.
686 325 838 364 ‘Labor
869 327 908 363 in
939 333 1086 372 venatu,
1115 327 1243 373 sudor,
1264 339 1396 364 cursus
1422 326 1472 364 ad

100 409 136 441 15
156 392 352 438 Eurotam,
390 391 521 439 fames,
561 392 666 430 sitis:
714 392 772 430 his
801 393 903 430 enim
932 394 1044 431 rebus
1073 393 1471 431 Lacedaemoniorum

156 457 292 508 epulae
326 457 581 495 condiuntur!
636 457 764 507 Atque
803 458 878 496 hoc
917 471 997 496 non
1038 472 1085 497 ex
1124 459 1325 497 hominum
1363 471 1471 497 more

156 523 294 567 solum,
323 523 393 561 sed
422 523 536 560 etiam
566 535 613 560 ex
646 523 775 561 bestiis
805 524 962 574 intelligi
995 530 1132 574 potest,
1154 537 1263 574 quae,
1292 531 1334 562 ut
1362 525 1471 574 quid-

155 589 248 640 quid
276 589 469 626 obiectum
497 595 565 635 est,
595 589 701 638 quod
729 589 849 627 modo
878 602 900 627 a
928 596 1063 627 natura
1091 602 1172 627 non
1209 590 1257 628 sit
1293 590 1470 636 alienum,

155 668 203 694 eo
239 660 441 693 contentae
471 665 552 692 non
583 661 771 704 quaerunt
809 655 983 705 amplius.
1060 655 1241 694 Civitates
1279 656 1471 706 quaedam

97 739 138 763 20
155 722 366 768 universae,
408 731 516 758 more
563 720 711 767 doctae,
759 721 994 770 parsimonia
1041 721 1287 768 delectantur,
1334 728 1376 759 ut
1423 721 1470 759 de

155 786 473 826 Lacedaemoniis
502 785 631 836 paullo
669 792 757 824 ante
795 786 969 824 diximus.
1043 786 1245 825 Persarum
1283 799 1305 825 a
1339 787 1470 825 Xeno-

154 853 298 902 phonte
326 852 446 890 victus
475 852 703 902 exponitur;
752 864 850 901 quos
882 859 998 902 negat
1038 852 1087 890 ad
1120 865 1262 902 panem
1290 853 1470 891 adhibere

154 918 375 969 quidquam,
413 924 562 967 praeter
599 918 837 955 nasturtium.
915 917 1164 967 Quamquam
1210 919 1241 956 si
1280 920 1470 968 quaedam

153 984 268 1021 etiam
316 983 492 1021 suaviora
537 989 672 1020 natura
720 983 919 1029 desideret,
964 996 1080 1034 quam
1127 986 1246 1022 multa
1286 997 1334 1023 ex
1373 992 1471 1024 terra

96 1068 134 1101 ²5
154 1049 428 1099 arboribusque
457 1049 676 1098 gignuntur,
706 1061 826 1098 quum
856 1049 968 1098 copia
1006 1049 1118 1096 facili,
1163 1056 1244 1087 tum
1288 1051 1471 1089 suavitate

153 1115 404 1165 praestantia!
462 1114 577 1152 Adde
607 1114 814 1152 siccitatem
846 1126 944 1165 quae
974 1115 1220 1164 consequitur
1249 1116 1347 1155 hanc
1379 1129 1470 1155 con-

151 1181 350 1218 tinentiam
379 1180 419 1218 in
453 1180 564 1226 victu,
603 1179 703 1217 adde
741 1180 995 1229 integritatem
1032 1181 1265 1220 valetudinis.
1324 1182 1468 1221 Confer

153 1246 346 1292 sudantes,
366 1251 569 1291 ructantes,
590 1245 748 1283 refertos
778 1245 910 1295 epulis,
933 1253 1129 1295 tamquam
1154 1248 1307 1297 opimos
1330 1250 1471 1289 boves:

151 1317 232 1348 turn
247 1310 444 1361 intelliges,
460 1311 526 1361 qui
543 1311 778 1361 voluptatem
797 1311 965 1348 maxime
986 1319 1203 1360 sequantur,
1221 1325 1289 1351 eos
1309 1314 1470 1354 minime

92 1395 135 1426 30
152 1377 359 1426 consequi;
393 1377 741 1426 iucunditatemque
769 1377 889 1414 victus
918 1389 1002 1414 esse
1031 1377 1071 1414 in
1100 1378 1299 1425 desiderio,
1329 1392 1409 1418 non
1430 1383 1469 1420 in

152 1443 332 1482 satietate.
407 1442 669 1489 Timotheum,
699 1443 844 1480 clarum
872 1442 1069 1481 hominem
1097 1443 1259 1483 Athenis
1292 1452 1329 1483 et
1366 1448 1471 1496 prin-

155 1509 281 1558 cipem
310 1508 474 1547 civitatis
512 1508 648 1555 ferunt,
693 1520 811 1558 quum
853 1509 1088 1547 caenavisset
1124 1510 1227 1559 apud
1266 1511 1467 1551 Platonem

153 1586 278 1624 eoque
308 1575 481 1612 convivio
511 1574 720 1613 admodum
749 1575 955 1612 delectatus
985 1581 1094 1620 esset,
1125 1576 1356 1627 vidissetque
1384 1591 1472 1617 eum

154 1640 348 1690 postridie,
378 1640 543 1678 dixisse:
602 1640 783 1678 ‘Vestrae
812 1641 968 1690 quidem
997 1653 1139 1679 caenae
1170 1654 1250 1680 non
1279 1644 1405 1681 solum
1434 1645 1471 1682 in

95 1724 136 1757 35
155 1706 379 1756 praesentia,
410 1706 479 1744 sed
511 1706 626 1743 etiam
669 1713 825 1756 postero
864 1706 924 1743 die
961 1706 1150 1745 iucundae
1189 1710 1300 1746 sunt.'
1356 1709 1472 1758 Quid,

156 1772 262 1822 quod
290 1784 339 1809 ne
367 1778 496 1809 mente
525 1772 682 1821 quidem
712 1778 813 1809 recte
847 1773 899 1809 uti
931 1783 1149 1821 possumus,
1178 1775 1299 1813 multo
1323 1776 1410 1815 cibo
1436 1783 1473 1815 et

156 1837 315 1888 potione
337 1837 543 1887 completi?
572 1837 642 1875 Est
662 1838 857 1887 praeclara
877 1838 1037 1887 epistola
1057 1838 1226 1878 Platonis
1256 1841 1305 1879 ad
1333 1841 1472 1881 Dionis

156 1904 407 1954 propinquos,
437 1903 477 1940 in
509 1914 586 1952 qua
614 1904 797 1953 scriptum
836 1909 893 1941 est
929 1902 987 1941 his
1025 1903 1103 1942 fere
1147 1907 1298 1945 verbis:
1355 1908 1471 1955 ‘Quo

157 1981 277 2020 quum
305 1969 505 2014 venissem,
535 1968 609 2006 vita
638 1968 699 2006 illa
727 1970 847 2015 beata,
880 1981 976 2019 quae
1007 1969 1206 2018 ferebatur,
1228 1972 1341 2022 plena
1369 1974 1472 2012 Itali-

98 2051 140 2084 40
158 2047 288 2072 carum
310 2033 672 2084 Syracusiarumque
692 2047 921 2080 mensarum,
939 2035 1042 2073 nullo
1063 2037 1182 2074 modo
1203 2038 1295 2076 mihi
1315 2040 1471 2089 placuit:

157 2101 216 2138 bis
244 2100 282 2137 in
312 2099 372 2137 die
402 2106 571 2138 saturum
602 2101 691 2146 fieri,
731 2113 802 2138 nec
840 2112 1024 2151 uinquam
1062 2109 1287 2151 pernoctare
1324 2106 1471 2155 solum;

159 2172 371 2215 ceteraque,
393 2177 491 2214 quae
512 2166 740 2203 comitantur
760 2166 846 2204 huic
872 2167 979 2214 vitae,
1008 2167 1047 2204 in
1074 2180 1150 2217 qua
1176 2170 1329 2218 sapiens
1356 2184 1472 2210 nemo

159 2231 340 2269 efficietur
376 2243 572 2281 umquam,
610 2231 831 2269 moderatus
860 2244 949 2270 vero
987 2233 1108 2270 multo
1146 2235 1284 2273 minus.
1361 2236 1473 2283 Quae

159 2297 261 2335 enim
282 2303 417 2334 natura
435 2303 513 2334 tam
533 2297 750 2334 mirabiliter
771 2298 972 2347 temperari
998 2300 1152 2347 potest?
1168 2299 1176 2314 ’
1234 2299 1325 2346 Quo
1352 2304 1473 2341 modo

102 2363 273 2412 45igitu1·
301 2362 467 2399 iucunda
486 2362 559 2399 vita
587 2368 714 2411 potest
743 2375 838 2409 esse,
860 2375 881 2400 a
910 2376 986 2413 qua
1015 2365 1112 2401 absit
1141 2365 1352 2414 prudentia,
1377 2369 1473 2407 absit
