1587 2533
173 106 215 139 11.
232 113 265 143 3.
403 94 579 136 ROME'S
610 106 735 137 RULE
769 106 827 136 OF
855 106 951 136 HER
984 105 1265 136 PROVINCES'.
1409 107 1496 148 ν229

91 212 148 243 ¹05
169 204 341 243 exsiluit:
380 204 579 243 hominem
608 205 866 251 innocentem,
897 217 920 243 a
949 204 993 243 C.
1025 204 1234 242 Sacerdote
1264 203 1495 248 absolutum,

169 270 312 308 indicta
332 283 459 317 causa,
482 271 528 309 de
549 271 735 309 sententia
756 271 904 309 scribae
925 270 1064 308 medici
1091 269 1378 319 haruspicisque
1400 280 1493 306 con-

169 334 335 373 demnat.

562 446 600 481 3.
652 440 692 477 T
685 441 727 478 lle
750 440 843 479 Case
861 441 910 492 os
919 439 1103 479 Sthenius.

227 539 257 565 1.
293 527 472 566 Sthenius
499 534 567 574 est,
594 528 625 565 is
655 528 720 577 qui
750 528 863 565 nobis
890 528 1043 573 assidet,
1072 527 1359 571 Thermitanus,
1382 531 1495 563 antea

168 593 296 630 multis
325 600 482 642 propter
515 605 706 631 summam
739 594 915 630 virtutem
946 605 1214 642 summamque
1245 593 1493 636 nobilitatem,

168 671 271 696 nunc
292 665 445 708 propter
461 671 569 696 suam
583 659 837 696 calamitatem
853 665 967 707 atque
983 659 1090 696 istius
1107 659 1297 707 insignem
1318 657 1494 694 iniuriam

167 725 347 762 omnibus
373 730 498 761 notus.
558 723 686 761 Huius
713 723 878 773 hospitio
906 723 1046 761 Verres
1074 735 1192 772 quum
1214 730 1314 761 esset
1333 735 1436 767 usus,
1458 728 1495 759 et

131 800 148 830 5
170 802 289 840 quum
317 790 421 840 apud
450 802 539 827 eum
569 802 649 827 non
678 789 798 827 modo
828 790 1009 827 Thermis
1039 801 1318 838 saepenumero
1349 789 1492 833 fuisset,

168 856 236 893 sed
255 856 369 893 etiam
389 855 616 901 habitasset3
647 855 766 892 domo
792 855 873 892 eius
894 855 1024 891 onmia
1051 855 1213 899 abstulit,
1236 866 1335 903 quae
1363 853 1492 903 paullo

167 921 291 970 magis
324 921 496 958 animum
530 921 743 969 cuiuspiam
777 927 842 958 aut
876 920 1009 957 oculos
1043 926 1204 970 possent
1237 932 1492 958 commovere.

167 985 322 1023 Etenim
344 985 523 1023 Sthenius
543 986 592 1023 ab
613 985 870 1023 adolescentia
890 986 1020 1035 paullo
1042 986 1249 1023 studiosius
1270 985 1364 1022 haec
1385 996 1493 1022 com-

166 1058 326 1101 pararat,
348 1052 623 1102 supellectilem
652 1063 699 1089 ex
729 1063 816 1089 aere
845 1051 1132 1100 elegantiorem,
1161 1058 1197 1088 et
1226 1050 1427 1088 Deliacam
1457 1056 1494 1087 et

110 1129 147 1150 10
167 1117 418 1163 Corinthiam,
448 1117 595 1154 tabulas
628 1117 762 1166 pictas,
794 1117 908 1154 etiam
943 1116 1090 1165 argenti
1119 1117 1218 1153 bene
1249 1115 1349 1161 facti,
1379 1122 1493 1164 prout

167 1182 406 1220 Thermitani
435 1182 603 1220 hominis
633 1181 829 1219 facultates
859 1181 1041 1226 ferebant,
1072 1181 1182 1218 satis:
1228 1193 1336 1230 quae,
1372 1193 1492 1230 quum

166 1255 266 1286 esset
293 1249 333 1285 in
360 1248 453 1285 Asia
482 1247 718 1293 adolescens,
741 1247 922 1292 studiose,
950 1253 991 1284 ut
1021 1247 1109 1292 dixi,
1132 1247 1390 1296 comparabat,
1412 1258 1493 1283 non

166 1320 242 1351 tam
265 1326 356 1351 suae
381 1313 644 1351 delectationis
664 1325 791 1358 causa,
813 1325 930 1362 quam
951 1312 1000 1350 ad
1026 1313 1268 1349 invitationes
1289 1313 1491 1349 adventus-

165 1391 240 1429 que
261 1386 482 1417 nostrorum
502 1379 716 1423 hominum,
738 1378 949 1416 amicorum
971 1390 1128 1415 suorum
1149 1384 1262 1427 atque
1284 1378 1489 1428 hospitum.

108 1458 144 1491 ¹5
166 1444 279 1491 Quae
298 1444 646 1494 posteaquam-iste
667 1444 798 1481 omnia
819 1443 981 1488 abstulit,
1004 1443 1075 1480 alia
1101 1444 1286 1492 rogando,
1309 1444 1381 1480 alia
1400 1455 1491 1493 pos-

165 1510 302 1556 cendo,
332 1510 405 1547 alia
434 1509 647 1547 sumendo:
682 1508 826 1546 ferebat
857 1508 1047 1555 Sthenius,
1077 1515 1118 1545 ut
1148 1515 1319 1557 poterat:
1354 1515 1490 1557 tange-

163 1576 275 1613 batur
311 1582 441 1613 tamen
479 1574 597 1612 animi
635 1574 768 1612 dolore
806 1574 1036 1619 necessario,
1067 1574 1173 1622 quod
1213 1574 1373 1610 domum
1410 1575 1490 1612 eius

165 1647 391 1678 exornatam
417 1647 531 1690 atque
558 1640 781 1677 instructam
801 1639 879 1676 fere
906 1640 982 1676 iam
1009 1639 1078 1675 iste
1105 1639 1321 1676 reddiderat
1345 1640 1489 1678 nudam

164 1714 277 1757 atque
297 1706 473 1744 inanem:
502 1712 765 1743 verumtamen
786 1705 960 1742 dolorem
981 1717 1098 1754 *suum
1126 1705 1270 1741 nemini
1298 1705 1490 1754 impertie-

107 1787 145 1808 20
164 1772 250 1810 bat:
281 1773 465 1822 praetoris
492 1772 646 1809 iniurias
673 1772 796 1815 tacite,
817 1771 979 1820 hospitis
1006 1770 1155 1819 placide
1184 1770 1360 1809 ferendas
1391 1772 1489 1809 arbi-

163 1838 342 1875 trabatur.
399 1837 551 1875 Interea
584 1838 653 1875 iste
683 1836 889 1886 cupiditate
923 1836 984 1873 illa
1016 1848 1085 1873 sua
1115 1842 1207 1873 nota
1240 1843 1355 1886 atque
1385 1838 1489 1886 apud

162 1915 301 1953 omnes
329 1909 544 1952 pervagata,
574 1915 694 1952 quum
725 1902 836 1950 signa
865 1901 1056 1951 quaedam
1090 1901 1344 1950 pulcherrima
1374 1909 1488 1952 atque

164 1968 429 2018 antiquissima
448 1968 628 2006 Thermis
648 1968 688 2004 in
707 1967 861 2016 publico
888 1966 1014 2016 posita
1037 1967 1201 2013 vidisset,
1223 1967 1436 2005 adamavit:
1466 1981 1489 2005 a

164 2034 322 2072 Sthenio
351 2041 480 2084 petere
500 2035 638 2083 coepit,
658 2041 700 2071 ut
727 2033 776 2071 ad
805 2045 851 2071 ea
879 2033 1047 2070 tollenda
1073 2045 1232 2084 operam
1262 2045 1372 2070 suam
1399 2045 1488 2082 pro-

106 2112 142 2143 25
165 2100 329 2138 fiteretur
349 2112 464 2149 seque
485 2100 688 2137 adiuvaret.
747 2099 926 2136 Sthenius
948 2111 1035 2137 vero
1060 2111 1141 2137 non
1168 2099 1293 2136 solum
1321 2100 1485 2149 negavit,

165 2165 231 2203 sed
257 2166 373 2203 etiarn
400 2166 578 2212 ostendit,
599 2166 638 2203 id
659 2165 737 2202 fieri
765 2165 869 2201 nullo
896 2164 1014 2202 modo
1042 2177 1170 2214 posse,
1192 2172 1233 2202 ut
1260 2165 1371 2214 signa
1391 2166 1486 2202 anti-

163 2231 358 2280 quissima,
374 2237 626 2268 monumenta
647 2230 687 2267 P.
705 2230 882 2273 Africani,
905 2243 950 2267 ex
967 2231 1113 2280 oppido
1134 2230 1484 2278 Thermitanorum,

162 2296 344 2335 incolumi
365 2296 426 2333 illa
446 2296 592 2333 civitate
612 2296 848 2345 imperioque
868 2294 1001 2343 populi
1023 2295 1203 2340 Romani,
1225 2294 1456 2333 tollerentur.

219 2374 255 2400 2.
284 2361 438 2399 Etenim
467 2369 509 2400 ut
542 2362 654 2400 simul
684 2362 724 2399 P.
756 2361 925 2398 Africani
956 2373 1111 2412 quoque
1142 2361 1420 2399 humanitatem
1448 2368 1486 2400 et

1517 1364 1531 1380 θ
