1587 2533
532 76 705 107 ROMAN
732 75 1018 107 ANEcDOTES.
1380 67 1432 120 63

114 182 227 218 mem,
249 171 280 209 si
301 170 451 209 Romae
470 170 667 216 manseris,
688 176 725 208 te
745 169 877 220 paucis
897 169 1007 207 annis
1028 167 1077 206 ad
1103 168 1291 206 maximas
1315 181 1428 218 pecu-

54 250 95 280 30
113 236 197 275 nias
217 247 301 274 esse
321 234 547 273 venturum!

167 300 238 337 viii.
269 300 401 347 Quum
422 299 626 337 Africanus
646 311 784 337 censor
802 299 901 337 tribu
926 305 1098 337 moveret
1126 310 1215 335 eum
1241 297 1430 336 centurio-

114 378 203 404 nem
223 365 287 415 qui
306 366 346 402 in
365 365 484 402 Paulli
504 377 635 414 pugna
655 376 735 402 non
755 365 923 410 affuerat,
945 376 1065 414 quum
1085 364 1145 401 ille
1167 376 1207 402 se
1233 363 1432 401 custodiae

113 443 228 469 causa
249 431 390 468 diceret
418 430 458 467 in
485 430 616 467 castris
639 430 879 475 remansisse,
905 435 1192 479 quaereretque,
1215 441 1281 466 cur
1311 428 1359 466 ab
1386 440 1433 465 eo

114 502 318 542 notaretur,
341 498 350 515 ‘
367 495 460 549 Non
480 495 593 542 amo,’
614 495 746 549 inquit,
769 495 953 544 fnimium
974 493 1199 544 diligentes?

55 573 94 605 35
167 563 217 600 ix.
247 561 400 605 Nasica,
435 550 555 611 quum
588 549 638 598 ad
667 567 823 610 poetam
853 560 1024 598 Ennium
1052 561 1216 599 venisset
1245 560 1355 610 eique
1384 560 1433 597 ab

113 628 212 666 ostio
232 627 428 677 quaerenti
444 626 614 664 Ennium
635 626 771 664 ancilla
790 626 946 664 dixisset
967 626 1165 664 dominon
1181 638 1277 671 esse,
1292 625 1435 663 Nasica

114 693 231 732 sensit
250 692 353 730 illam
373 692 548 729 domini
539 704 643 729 lussu
664 691 805 729 dixisse
826 698 864 729 et
883 691 989 729 illum
1016 692 1118 729 intus
1142 704 1238 729 esse
1297 690 1434 728 Paucis

96 765 203 830 post
241 758 374 796 diebus
413 770 534 808 quum
563 756 612 795 ad
641 756 826 795 Nasicam
855 758 1022 795 venisset
1050 757 1200 795 Ennius
1228 763 1265 795 et
1295 770 1384 795 eum
1413 770 1435 795 a

92 808 228 869 fianua
248 830 456 874 quaereret,
478 822 666 861 exclamat
690 816 833 860 Nasica
862 835 903 860 se
933 822 1039 860 domi
1067 835 1148 860 non
1177 835 1274 861 esse.
1331 820 1443 860 Tum'

55 881 97 941 4⁶3
114 889 275 935 Ennius,
308 888 465 935 ‘Quicw
494 900 569 937 ego
589 901 670 926 non
697 889 920 938 cognosco,
940 888 1105 939 inquit‚‘
1117 900 1255 926 vocem
1275 894 1380 926 tuam
1396 889 1409 926 ?
1425 888 1435 903 '

95 946 193 1013 ''²3Hic
221 953 374 1001 NasiCa,
405 953 568 992 ‘Homo
597 966 639 992 es
667 953 883 1003 impudens.
945 953 1034 1003 Ego
1064 966 1184 1003 quum
1212 960 1250 991 te
1279 966 1435 1003 quaere-

94 1015 215 1120 rem,
234 1021 393 1058 ancillae
422 1027 510 1058 tuae
544 1020 688 1059 credidi
721 1026 758 1058 te
790 1020 897 1058 domi
930 1032 1011 1058 non
1042 1032 1138 1066 esse,
1158 1026 1200 1057 tu
1229 1019 1322 1057 mihi
1355 1032 1435 1058 non

115 1086 238 1145 credis
257 1085 354 1136 ipsi?
369 1085 378 1101 ²

92 1121 143 1183 l
169 1165 205 1190 Χ.
236 1151 397 1198 Siculus,
432 1164 551 1202 quum
585 1151 620 1189 ei
653 1150 844 1189 familiaris
876 1149 1032 1201 quidam
1066 1157 1296 1201 quereretur,
1331 1151 1436 1201 quod

56 1230 95 1262 45
117 1218 269 1265 diceret,
289 1229 452 1255 uxorem
481 1229 590 1255 suam
624 1216 870 1265 suspendisse
905 1228 946 1254 se
981 1216 1028 1255 de
1062 1216 1148 1262 ficu,
1171 1216 1351 1255 ‘Amabo
1377 1216 1436 1263 te,’

116 1283 248 1334 inquit,
272 1286 282 1303 ‘
296 1283 346 1321 da
367 1283 461 1320 mihi
481 1295 529 1320 ex
549 1283 620 1320 ista
640 1282 775 1319 arbore
796 1293 895 1332 quos
916 1293 1041 1319 seram
1062 1281 1259 1320 surculos.'

169 1349 219 1387 xi.
259 1348 419 1387 Catulus
449 1348 601 1387 cuidam
629 1348 769 1386 oratori
798 1347 913 1393 malo,
944 1348 1019 1398 qui,
1055 1360 1175 1397 quum
1209 1348 1249 1385 in
1282 1347 1437 1397 epilogo

114 1414 416 1453 misericordiam
445 1427 487 1453 se
512 1414 679 1451 movisse
705 1419 864 1462 putaret,
885 1420 1092 1463 postquam
1118 1413 1270 1459 assedit,
1291 1414 1438 1463 rogavit

116 1493 205 1519 eum
235 1479 473 1518 videreturne
504 1478 807 1517 misericordiam
833 1479 1012 1525 movisse,
1035 1479 1117 1517 ‘Ac
1144 1491 1328 1528 magnam
1355 1480 1436 1528 qui-

58 1560 99 1593 50
117 1545 230 1592 dem,’
250 1546 370 1596 inquit
382 1557 394 1592 ,·
427 1548 436 1565 ‘
451 1545 647 1583 neminem
667 1545 771 1582 enim
789 1550 884 1593 puto
905 1556 990 1582 esse
1010 1550 1089 1582 tam
1109 1544 1258 1591 durum,
1279 1544 1339 1582 cui
1359 1556 1437 1581 non

116 1612 238 1650 oratio
257 1617 323 1649 tua
342 1610 561 1649 miseranda
579 1610 660 1648 visa
680 1609 751 1648 sit.'

168 1677 232 1715 xii.
263 1676 363 1715 Cato
383 1688 504 1726 quum
523 1687 728 1727 percussus
749 1680 850 1713 esset
876 1675 926 1713 ab
953 1687 1000 1714 eo
1031 1675 1096 1725 qui
1123 1687 1252 1713 arcam
1281 1675 1437 1722 ferebat,

116 1755 236 1793 quum
265 1741 325 1779 ille
355 1742 509 1789 diceret,
549 1739 702 1788 ‘Cave,'
740 1741 897 1790 rogavit,
938 1741 1150 1790 ‘numquid
1188 1741 1288 1778 aliud
1326 1740 1438 1779 ferret

116 1814 266 1859 praeter
295 1807 463 1846 arcam?'

57 1886 97 1919 55
169 1874 244 1912 xiii.
277 1873 437 1920 Siculus,
469 1872 529 1911 cui
557 1878 711 1922 praetor
741 1872 870 1921 Scipio
900 1878 1107 1922 patronum
1146 1884 1284 1911 causae
1322 1872 1438 1911 dabat

115 1939 309 1989 hospitem
337 1951 461 1985 suum,
490 1937 690 1976 hominem
719 1938 900 1984 nobilem,
931 1938 999 1976 sed
1028 1937 1239 1976 admodum
1270 1938 1436 1985 stultum,

117 2003 326 2052 ‘Quaeso,'
347 2004 479 2054 inquit,
510 2006 696 2053 ‘praet0r,
727 2003 941 2041 adversario
970 2015 1059 2040 meo
1089 2003 1138 2041 da
1166 2004 1280 2041 istum
1309 2010 1437 2054 patro-

116 2082 221 2117 num,
242 2069 381 2108 deinde
400 2069 493 2107 mihi
513 2068 910 2117 neminemrdederisf·

168 2136 240 2175 xiv.
271 2134 439 2173 Patrono
467 2133 581 2181 malo,
612 2147 732 2186 quum
761 2146 896 2172 vocem
933 2134 972 2172 in
1011 2133 1177 2172 dicendo
1215 2134 1437 2182 obtudisset,

57 2202 98 2235 60
116 2201 300 2239 suadebat
339 2199 516 2248 Granius,
555 2205 597 2238 ut
634 2200 803 2238 mulsum
847 2199 1028 2249 frigidum
1075 2200 1230 2248 biberet,
1279 2201 1438 2239 simulac

115 2266 276 2305 domum
305 2265 489 2304 redisset:
537 2264 752 2313 ‘Eerdam,'
782 2265 914 2316 inquit,
944 2268 1116 2314 ‘vocem‚
1148 2266 1180 2312 si
1214 2265 1254 2314 id
1288 2264 1492 2309 fecerat-Q
1550 2275 1558 2284 ⁸

115 2334 125 2351 ‘
141 2331 280 2386 Melius
301 2331 382 2377 est,'
402 2331 536 2386 inquit,
557 2333 567 2350 ‘
583 2342 700 2381 quam
719 2330 891 2380 reum-‚2v

535 2384 694 2411 *Nm
747 2398 749 2400 ,
771 2389 782 2395 ,,
