1587 2533
122 120 175 162 74
462 117 522 147 Ex
530 116 707 147 TRACTS
735 116 795 146 FR
802 115 870 146 OM
898 115 1073 148 CICERO.

440 287 497 320 21.
544 282 583 319 T
576 283 618 319 [ιε
646 281 783 331 Effecls
812 281 860 332 (gf
881 281 986 319 Cz‘vz'l
1020 282 1117 319 War.

172 404 369 451 Quamdiu
409 402 610 452 imperium
642 402 774 451 populi
808 401 974 439 Romani
1007 401 1201 439 beneficiis
1234 401 1430 438 tenebatur

118 482 197 507 non
217 470 371 513 iniuriis,
391 468 490 505 bella
509 475 573 505 aut
592 479 662 516 pro
693 467 806 505 sociis
834 474 898 504 aut
926 467 973 504 de
1002 467 1161 516 imperio
1190 467 1428 515 gerebantur,

118 536 240 572 exitus
275 540 380 571 erant
413 533 602 570 bellorum
636 539 699 570 aut
731 533 842 570 mites
881 539 944 570 aut
982 532 1193 569 necessarii.
1266 530 1431 579 Regum,

118 599 361 649 populorum,
379 599 577 635 nationum
598 605 730 648 portus
750 604 827 634 erat
848 604 885 634 et
903 597 1094 646 refugium
1115 603 1288 634 senatus:
1313 595 1432 633 nostri

118 672 244 702 autem
270 665 512 713 magistratus
541 664 863 712 imperatoresque
889 675 936 699 ex
962 662 1033 699 hac
1058 674 1135 699 una
1157 674 1196 699 re
1223 661 1433 698 maximam

118 730 270 767 laudem
299 741 435 778 capere
465 728 678 773 studebant,
709 728 740 766 si
768 729 993 777 provincias,
1024 728 1055 765 si
1085 728 1211 764 socios
1245 726 1432 775 aequitate

118 801 155 832 et
185 794 260 832 fide
291 793 560 831 defendissent.
617 793 752 842 Itaque
783 792 873 830 illud
901 792 1153 841 patrocinium
1182 791 1285 828 orbis
1313 797 1434 828 terrae

117 860 239 897 verius
286 870 403 908 quam
450 858 653 907 imperium
695 864 844 907 poterat
885 858 1083 895 nominari.
1142 857 1292 894 Sensim
1334 855 1433 893 hanc

118 924 438 962 consuetudinem
465 931 502 960 et
526 923 766 972 disciplinam
793 924 869 961 iam
893 929 1005 960 antea
1024 923 1318 968 minuebamus3
1346 927 1435 970 post

118 1002 207 1027 vero
239 989 363 1027 Sullae
395 988 591 1026 victoriam
622 989 773 1038 penitus
803 989 1021 1026 amisimus:
1055 988 1218 1025 desitum
1247 993 1303 1024 est
1332 986 1434 1024 enim

119 1055 235 1092 videri
254 1055 465 1104 quidquam
494 1054 533 1091 in
561 1054 688 1092 socios
708 1055 894 1103 iniquum,
916 1066 1033 1103 quum
1054 1054 1255 1091 exstitisset
1275 1053 1314 1090 in
1334 1053 1434 1090 cives

119 1128 224 1159 tanta
242 1120 455 1158 crudelitas.
511 1119 617 1169 Ergo
645 1120 685 1157 in
713 1120 776 1157 illo
807 1127 936 1157 secuta
965 1126 1022 1157 est
1049 1119 1251 1156 honestam
1281 1129 1434 1155 causam

119 1197 199 1223 non
226 1185 390 1223 honesta
418 1185 583 1222 victoria.
639 1185 708 1222 Est
737 1185 839 1222 enim
869 1196 983 1222 ausus
1013 1185 1148 1229 dicere,
1168 1183 1276 1221 hasta
1300 1184 1435 1232 posita,

120 1264 239 1301 quum
271 1252 375 1288 bona
402 1250 441 1287 in
469 1250 553 1287 foro
581 1250 760 1287 venderet
787 1257 824 1287 et
852 1251 1044 1287 bonorum
1071 1250 1237 1286 virorum
1266 1256 1303 1286 et
1331 1249 1434 1286 locu-

119 1318 276 1366 pletium
297 1323 334 1354 et
353 1323 454 1354 certe
475 1317 622 1361 civium,
645 1316 848 1365 ‘praedam
869 1328 910 1354 se
931 1328 1040 1353 suam
1058 1315 1242 1352 vendere.’
1275 1315 1434 1353 Secutus

120 1390 177 1420 est
210 1381 275 1432 qui
308 1382 347 1418 in
381 1393 496 1419 causa
529 1381 657 1430 impia,
691 1381 848 1418 victoria
880 1382 995 1419 etiam
1028 1380 1210 1426 foediore,
1242 1392 1322 1417 non
1355 1381 1431 1418 sin-

119 1449 295 1496 gulorum
329 1447 468 1485 civium
500 1448 604 1484 bona
637 1447 857 1496 publicaret,
891 1447 960 1485 sed
993 1448 1187 1484 universas
1220 1447 1433 1495 provincias

117 1513 372 1562 regionesque
401 1524 480 1550 uno
512 1513 734 1550 calamitatis
765 1513 843 1549 iure
873 1512 1224 1561 comprehenderet.
1286 1511 1432 1561 Itaque,

115 1579 258 1617 vexatis
290 1590 335 1616 ac
364 1578 521 1627 perditis
551 1578 688 1616 exteris
719 1579 948 1624 nationibus,
979 1578 1029 1616 ad
1057 1578 1275 1627 exemplum
1304 1579 1432 1616 amissi

115 1644 264 1694 imperii
301 1644 443 1693 portari
477 1644 516 1681 in
549 1643 742 1692 triumpho
776 1643 990 1681 Massiliam
1023 1644 1196 1690 vidimus,
1228 1650 1266 1681 et
1303 1656 1350 1681 ex
1389 1657 1434 1682 ea

114 1710 207 1747 urbe
240 1709 463 1758 triumphari
494 1709 575 1746 sine
606 1721 682 1758 qua
714 1721 926 1758 numquam
957 1710 1078 1747 nostri
1108 1709 1356 1759 imperatores
1385 1723 1433 1749 ex

115 1775 381 1825 Transalpinis
412 1775 518 1812 bellis
547 1774 838 1823 triumpharunt.
895 1774 1017 1812 Multa
1044 1782 1240 1824 praeterea
1263 1787 1432 1814 comme-

114 1853 304 1878 morarem
325 1840 470 1878 nefaria
489 1841 529 1877 in
550 1840 688 1886 socios,
711 1841 741 1877 si
761 1840 835 1877 hoc
861 1852 940 1877 uno
968 1840 1176 1890 quidquam
1203 1840 1259 1877 sol
1279 1841 1432 1879 vidisset

113 1906 320 1955 indignius.
392 1905 479 1943 Iure
523 1905 634 1955 igitur
675 1905 886 1955 plectimur.
954 1905 1039 1942 Nisi
1081 1906 1183 1942 enim
1225 1906 1433 1945 multorum

114 1971 358 2020 impunitates
387 1970 572 2007 scelerum
605 1970 832 2016 tulissemus,
863 1981 1074 2018 numquam
1103 1970 1152 2006 ad
1181 1982 1301 2008 unum
1328 1978 1432 2010 tanta

114 2036 349 2086 pervenisset
367 2035 539 2073 licentia:
571 2047 593 2072 a
613 2048 691 2085 quo
716 2035 871 2085 quidem
897 2035 949 2071 rei
978 2035 1168 2073 familiaris
1197 2036 1246 2073 ad
1275 2049 1431 2086 paucos,

115 2101 365 2151 cupiditatum
394 2101 444 2137 ad
472 2100 612 2137 multos
642 2101 840 2150 improbos
859 2100 958 2137 venit
981 2100 1181 2138 hereditas.
1239 2101 1323 2140 Nec
1342 2114 1431 2140 vero

115 2179 299 2217 umquam
335 2166 521 2204 bellorum
561 2166 723 2203 civilium
762 2178 894 2203 semen
936 2173 973 2204 et
1015 2178 1130 2203 causa
1171 2167 1298 2213 deerit,
1337 2168 1432 2206 dum

115 2234 290 2271 homines
327 2233 463 2282 perditi
500 2232 650 2269 hastam
690 2232 792 2270 illam
832 2238 1028 2269 cruentam
1059 2238 1096 2269 et
1124 2234 1365 2272 meminerint
1394 2242 1431 2272 et

1455 998 1494 1021 10

1455 1330 1491 1361 15

1454 1663 1492 1684 20

115 2300 332 2349 sperabunt,
367 2311 484 2348 quam
522 2298 562 2335 P.
600 2298 702 2335 Sulla
739 2310 858 2347 quum
896 2298 1088 2344 vibrasset,
1123 2298 1306 2337 dictatore
1342 2312 1429 2349 pro·
1446 2320 1488 2351 30

114 2365 258 2413 pinquo
287 2376 368 2406 suo,
393 2363 506 2408 idem,
531 2370 638 2400 sexto
667 2363 856 2401 tricesimo
886 2375 988 2403 anno
1015 2370 1114 2412 post,
1143 2377 1165 2401 a
1194 2365 1429 2403 sceleratiore
