1587 2533
118 99 196 140 180
467 107 712 138 EXTRACTS
740 107 876 138 FROM
905 108 1084 140 CICERO.
1273 110 1351 141 Sect.
1375 109 1430 143 lv.

113 207 206 258 quid
225 207 411 257 significat
430 207 542 253 aliud,
562 207 634 244 nisi
664 219 704 243 se
729 206 777 243 ad
805 206 1006 244 hominum
1030 208 1323 246 commoditates
1347 220 1431 246 esse

114 278 316 321 generatos
332 273 345 309 ?
376 272 480 318 Quid
496 272 543 309 de
558 272 681 309 bobus
702 271 864 320 loquar?
893 284 1057 321 quorum
1072 273 1156 321 ipsa
1175 279 1281 321 terga
1300 285 1431 311 nonne

116 338 310 375 declarant
331 349 416 374 esse
437 349 477 373 se
498 337 546 373 ad
567 348 665 373 onus
687 337 953 385 accipiendum
969 337 1157 385 figurata?
1187 338 1352 375 cervices
1365 351 1430 376 au·
1449 352 1513 384 500

115 409 193 439 tem
213 409 324 439 natae
344 402 393 438 ad
408 402 564 450 iugum:
595 408 675 438 turn
695 402 790 438 vires
817 402 1063 439 humerorum
1088 409 1125 439 et
1149 402 1364 440 latitudines
1383 403 1433 441 ad

116 474 237 504 aratra
257 466 501 504 extrahenda.
560 465 709 512 Quibus
726 479 844 516 quum
857 474 976 504 terrae
998 467 1262 515 subigerentur
1275 467 1432 505 fissione

116 532 328 580 glebarum,
350 531 398 568 ab
418 531 480 568 illo
500 543 616 568 aureo
637 543 788 580 genere,
804 539 845 569 ut
865 539 1002 581 poetae
1023 531 1242 581 loquuntur,
1255 532 1311 570 vis
1330 531 1435 569 nulla

115 608 301 646 umquam
322 596 559 633 afferebatur.

331 670 449 701 Ferrea
472 674 541 701 tum
563 681 640 702 vero
663 671 772 712 proles
795 676 906 703 exorta
929 676 1059 713 repente
1082 675 1140 707 est,

332 723 486 763 Ansaque
510 723 671 754 funestum
693 723 797 764 prima
822 729 870 754 est
892 723 1078 755 fabricarier
1102 734 1220 759 ensem,

334 773 377 805 Et
401 779 530 815 gustare
554 784 652 804 manu
675 774 818 805 vinctum
842 774 1065 816 domitumque
1088 775 1269 807 iuvencum.

1454 694 1514 727 505

125 857 253 896 Tanta
272 858 476 907 putabatur
494 858 632 895 utilitas
652 858 795 906 percipi
810 870 856 894 ex
876 858 1011 903 bobus,
1025 866 1066 895 ut
1081 870 1214 895 eorum
1233 857 1438 895 visceribus

120 923 221 960 vesci
241 922 364 960 scelus
384 922 594 960 haberetur.
651 922 833 970 Longum
859 929 916 959 est
942 923 1133 960 mulorum
1159 923 1337 972 persequi
1364 923 1436 959 uti-

119 989 242 1026 litates
272 995 308 1025 et
337 989 543 1033 asinorum,
574 999 672 1036 quae
701 994 801 1024 certe
835 987 884 1024 ad
912 987 1113 1024 hominum
1141 1000 1254 1025 usum
1282 994 1436 1037 paratae
1455 1002 1519 1034 510

120 1060 218 1090 sunt.
279 1052 351 1090 Sus
371 1065 460 1090 vero
482 1053 573 1102 quid
593 1052 706 1089 habet
726 1060 874 1101 praeter
894 1053 1048 1089 escam?
1105 1051 1177 1089 Cui
1198 1052 1364 1101 quidem,
1386 1064 1436 1089 ne

117 1124 363 1168 putresceret,
385 1118 552 1154 animam
582 1117 704 1165 ipsam
733 1128 803 1165 pro
834 1116 911 1153 sale
939 1116 1067 1154 datam
1091 1118 1180 1154 dicit
1204 1129 1287 1154 esse
1316 1117 1439 1167 Chry-

119 1183 262 1232 sippus.
319 1180 408 1227 Qua
436 1181 597 1230 pecude,
627 1181 733 1230 quod
762 1188 840 1218 erat
871 1180 919 1218 ad
953 1182 1185 1219 vescendum
1217 1182 1438 1220 hominibus

120 1255 220 1295 apta,
241 1246 333 1283 nihil
352 1246 484 1295 genuit
505 1253 639 1282 natura
658 1245 868 1283 fecundius.
926 1245 1031 1291 Quid
1052 1247 1332 1285 multitudinem
1353 1259 1438 1285 sua-

119 1313 349 1360 vitatemque
383 1311 544 1360 piscium
578 1311 730 1348 dicam?
769 1311 860 1360 quid
890 1312 1044 1349 avium?
1083 1325 1129 1349 ex
1163 1313 1300 1361 quibus
1333 1318 1438 1349 tanta
1457 1320 1517 1353 515

120 1377 325 1426 percipitur
357 1376 543 1424 voluptas,
573 1383 613 1412 ut
647 1376 839 1413 interdum
873 1376 1050 1414 Pronoea
1083 1384 1213 1414 nostra
1247 1376 1438 1426 Epicurea

119 1442 235 1479 fuisse
255 1441 431 1479 videatur.
491 1441 618 1490 Atque
639 1440 708 1477 hae
730 1453 778 1478 ne
799 1449 1024 1490 caperentur
1039 1442 1206 1491 quidem,
1220 1442 1292 1479 nisi
1311 1441 1438 1480 homi-

120 1519 213 1543 num
241 1507 387 1543 ratione
417 1513 530 1554 atque
561 1506 749 1551 sollertia3
789 1519 1024 1555 quamquam
1053 1519 1141 1544 aves
1179 1507 1366 1556 quasdam
1401 1513 1438 1544 et

121 1573 226 1609 alites
247 1579 283 1608 et
304 1572 468 1616 oscines,
488 1578 529 1607 ut
548 1571 667 1608 nostri
688 1583 851 1620 augures
878 1572 1080 1620 appellant,
1100 1584 1227 1609 rerum
1251 1584 1438 1620 auguran-

124 1639 258 1675 darum
289 1649 402 1674 causa
432 1649 516 1674 esse
547 1643 655 1674 natas
694 1644 885 1686 putamus.
944 1637 1028 1674 Iam
1059 1650 1149 1675 vero
1180 1639 1369 1675 immanes
1402 1643 1440 1675 et
1458 1649 1521 1681 520

124 1704 221 1740 feras
250 1703 394 1740 belluas
424 1703 680 1740 nanciscimur
717 1703 907 1749 venando,
941 1710 981 1739 ut
1015 1710 1052 1740 et
1085 1715 1284 1740 vescamur
1315 1703 1370 1748 iis,
1404 1710 1442 1741 et

123 1780 367 1805 exerceamur
387 1768 425 1804 in
445 1768 621 1805 venando
642 1768 690 1805 ad
719 1768 1004 1805 similitudinem
1024 1769 1180 1806 bellicae
1209 1769 1442 1817 disciplinae,

124 1841 164 1869 ut
192 1840 343 1869 utamur
371 1832 526 1869 domitis
553 1839 590 1869 et
617 1831 914 1877 condocefactis‚
935 1839 976 1869 ut
1005 1833 1227 1881 elephantis,
1249 1833 1443 1882 multaque

126 1910 173 1934 ex
193 1909 322 1934 earum
344 1897 569 1946 corporibus
590 1897 758 1934 remedia
778 1897 922 1934 morbis
943 1904 979 1934 et
998 1897 1215 1934 vulneribus
1235 1898 1441 1944 eliciamus,

127 1963 224 2000 sicut
244 1974 290 1998 ex
312 1962 541 2010 quibusdam
563 1962 740 2010 stirpibus
762 1969 797 1998 et
809 1961 947 2005 herbis,
969 1974 1132 2011 quarum
1154 1962 1330 2000 utilitates
1357 1963 1441 2000 lon·
1460 1974 1519 2006 525

126 2027 258 2076 ginqui
287 2027 470 2075 temporis
499 2038 572 2062 usu
600 2034 637 2063 et
673 2026 950 2074 periclitatione
988 2027 1241 2075 percepimus.
1298 2027 1443 2064 Totam

126 2093 212 2129 licet
232 2092 378 2135 animis
409 2099 604 2139 tamquam
628 2091 759 2136 oculis,
789 2091 944 2128 lustrare
973 2098 1111 2128 terram
1140 2092 1334 2141 mariaque
1361 2104 1444 2129 om-

127 2157 189 2193 nia
208 2169 218 2202 3
248 2168 380 2193 cernes
410 2156 485 2192 iam
516 2156 638 2204 spatia
664 2155 842 2204 frugifera
867 2162 981 2204 atque
1005 2156 1193 2193 immensa
1218 2168 1444 2205 camporum

128 2222 360 2270 vestitusque
391 2220 640 2257 densissimos
670 2221 869 2266 montium,
900 2220 1091 2269 pecudum
1118 2228 1261 2269 pastus,
1281 2228 1361 2258 tum
1385 2221 1442 2258 in-

129 2286 296 2324 credibili
317 2298 449 2323 cursus
470 2286 680 2322 maritimos
701 2285 902 2322 celeritate.
932 2284 1016 2321 Nec
1037 2297 1126 2322 vero
1153 2297 1266 2334 supra
1289 2291 1440 2332 terram,
1459 2297 1522 2328 530

129 2351 196 2389 sed
225 2351 337 2389 etiam
367 2351 405 2388 in
434 2350 574 2387 intimis
604 2351 684 2387 eius
714 2350 879 2387 tenebris
916 2349 1164 2401 plurimarum
1198 2363 1324 2388 rerum
1351 2351 1441 2390 latet
