1587 2533
524 103 698 135 ROMAN
725 102 1007 132 ANECDOTES.
1375 100 1427 143 57

105 205 147 236 ut
175 198 245 237 sibi
274 198 516 248 ignoscerem
546 209 702 235 causam
732 196 926 241 afferebat,
956 194 1063 244 quad
1091 193 1186 231 tanti
1215 192 1277 229 Ti.
1308 190 1428 229 Grac-

105 263 221 302 chum
249 263 413 311 fecisset,
438 270 488 310 ut,
518 262 706 312 quidquid
735 262 795 299 ille
815 261 936 308 vellet,
966 260 1036 298 sibi
1066 258 1286 297 faciendum
1315 263 1423 306 puta-

68 344 85 376 5
104 336 172 367 ret.
229 328 335 367 Tum
368 341 454 378 ego,
493 328 704 374 ‘Etiamne,
736 328 767 366 si
796 334 832 365 te
861 327 901 364 in
935 325 1169 376 Capitolium
1198 323 1303 361 faces
1332 322 1429 360 ferre

105 392 258 432 vellet?'
297 393 568 445 ‘Numquam‚'
597 393 732 443 inquit,
765 392 968 430 ‘voluisset
1005 390 1045 428 id
1074 388 1256 440 quidem.'
1290 387 1428 448 ,ζωῇ-691]

1423 439 1457 446 ..-

105 460 138 498 si
174 459 398 497 voluisset?'
453 459 651 498 ‘Paruisse
707 456 744 502 ἶ..
787 458 935 496 Videtis
983 469 1100 508 quam
1150 454 1297 493 nefaria
1342 445 1429 492 vox.

487 503 584 514 ...ηρ-ι·-

104 509 389 564 ma
417 525 529 572 fecit;
571 525 630 563 vel
657 524 743 574 plus
772 524 888 562 etiam
917 534 1034 573 quam
1056 521 1173 560 dixit:
1217 532 1297 558 non
1324 519 1430 557 enim

105 591 229 640 paruit
261 591 322 629 ille
359 591 422 630 Ti.
465 590 632 630 Gracchi
671 589 883 635 temeritati,
922 588 992 626 sed
1029 586 1215 638 praefuit;
1265 597 1339 623 nec
1387 597 1428 622 se

49 673 88 697 10
105 657 287 695 comitem
323 657 421 695 illius
467 656 607 694 furoris
646 656 716 694 sed
754 655 892 692 ducem
930 653 1116 703 praebuit.
1173 652 1309 702 Itaque
1356 651 1429 688 hac

104 723 285 769 amentia,
325 722 549 773 quaestione
587 733 688 759 nova
724 720 956 771 perterritus,
995 720 1035 756 in
1074 718 1209 756 Asiam
1247 716 1428 766 profugit,

105 788 154 826 ad
190 787 322 826 hostes
355 800 397 826 se
428 787 597 834 contulit,
632 799 780 837 poenas
809 785 1039 835 reipublicae
1069 796 1205 834 graves
1235 783 1429 832 iustasque

103 853 294 903 persolvit.
369 853 486 892 Nulla
532 860 590 892 est
636 853 750 903 igitur
797 852 994 895 excusatio
1041 850 1190 900 peccati
1238 849 1269 887 si
1315 849 1428 887 amici

104 931 219 957 causa
238 920 469 970 peccaveris.

442 1086 482 1120 5.
520 1079 644 1119 Pz‘so’s
672 1081 791 1130 Reply
818 1085 852 1118 to
884 1079 1087 1118 Gracchus.

156 1215 246 1254 Piso
264 1215 325 1253 ille
344 1214 460 1264 Frugi
481 1227 633 1264 semper
652 1220 787 1253 contra
805 1212 932 1263 legem
959 1212 1247 1250 frumentariam
1268 1211 1422 1249 dixerat.

103 1280 154 1328 Is,
173 1281 258 1331 lege
285 1280 372 1328 lata,
393 1280 605 1318 consularis
630 1279 680 1318 ad
702 1279 938 1317 frumentum
968 1278 1240 1328 accipiendum
1259 1283 1428 1316 venerat.

102 1346 380 1385 Animadvertit
401 1345 601 1384 Gracchus
621 1346 661 1383 in
677 1345 866 1384 concione
882 1345 1066 1382 Pisonem
1083 1350 1258 1382 stantem.
1299 1342 1428 1390 Quae-

100 1412 148 1450 rit
166 1411 344 1450 audiente
371 1411 517 1461 populo
546 1410 740 1458 Romano,
761 1410 826 1461 qui
846 1411 918 1449 sibi
946 1416 1108 1456 constet,
1130 1422 1250 1460 quum
1280 1421 1326 1447 ea
1344 1409 1428 1458 lege

64 1487 81 1519 5
101 1477 334 1515 frumentum
361 1483 479 1527 petat,
509 1489 627 1527 quam
657 1476 887 1515 dissuaserit.
946 1475 1124 1522 ‘Nolim‚'
1155 1476 1288 1525 inquit,
1320 1478 1428 1513 ‘mea

101 1543 216 1589 bona,
251 1542 439 1588 Gracche,
474 1542 542 1580 tibi
579 1542 716 1580 viritim
754 1541 920 1581 dividere
949 1541 1090 1580 libeat:
1134 1541 1203 1579 sed
1240 1542 1270 1579 si
1299 1541 1427 1587 facias,

101 1615 248 1658 partem
280 1608 435 1658 petam.’
491 1608 683 1646 Parumne
715 1608 918 1646 declaravit
950 1608 1005 1645 vir
1041 1609 1167 1658 gravis
1201 1613 1238 1645 et
1276 1607 1428 1657 sapiens

101 1673 186 1723 lege
207 1672 434 1723 Sempronia
453 1674 726 1724 patrimonium
745 1674 941 1724 publicum
961 1673 1165 1723 dissipari?

550 1851 590 1884 6.
629 1845 729 1883 Love
757 1846 806 1895 of
824 1846 971 1884 Power.

154 1978 364 2029 Dionysius
393 1978 550 2029 quidem
579 1985 774 2029 tyrannus,
803 1980 1000 2029 Syracusis
1029 1980 1223 2030 expulsus,
1246 1980 1423 2019 Corinthi

99 2057 240 2097 pueros
261 2045 445 2083 docebat:
475 2057 598 2096 usque
618 2057 665 2083 eo
685 2045 848 2095 imperio
868 2058 995 2084 carere
1016 2058 1096 2084 non
1116 2053 1277 2097 poterat.
1325 2046 1424 2084 Tar-

99 2111 231 2162 quinio
259 2122 349 2148 vero
380 2110 474 2160 quid
506 2111 777 2160 impudentius,
813 2111 877 2161 qui
905 2112 1049 2158 bellurn
1080 2119 1229 2162 gereret
1261 2125 1350 2151 cum
1379 2113 1424 2151 iis

98 2177 164 2228 qui
192 2177 273 2215 eius
301 2188 382 2213 non
410 2176 573 2214 tulerant
603 2177 846 2226 superbiam?
884 2176 935 2223 Is,
957 2190 1076 2227 quum
1096 2179 1240 2216 restitui
1269 2179 1308 2216 in
1337 2191 1422 2228 reg-

63 2259 78 2291 5
98 2254 192 2280 num
219 2254 292 2280 nec
311 2240 532 2279 Veientium
560 2254 633 2280 nec
659 2241 884 2279 Latinorum
914 2244 1029 2281 armis
1054 2244 1252 2293 potuisset,
1275 2243 1422 2282 Cumas

98 2320 140 2347 se
160 2307 365 2346 contulisse
394 2306 539 2353 dicitur,
560 2307 676 2358 inque
697 2320 743 2345 ea
761 2308 854 2346 urbe
885 2310 993 2347 senio
1013 2316 1051 2347 et
1081 2310 1317 2359 aegritudine
1338 2322 1421 2348 esse

99 2372 310 2411 confectus.
