1587 2533
113 94 194 124 210
466 87 620 119 EXTRA
629 87 708 118 CTS
736 61 868 117 FRoM
899 85 1074 116 CICERO.
1281 88 1360 119 Sect.
1383 88 1423 120 V.

111 190 279 227 tenebris
307 201 432 239 neque
462 200 546 225 esse
577 187 758 232 abditam,
788 185 857 223 sed
889 185 929 222 in
962 184 1046 221 luce
1080 183 1206 229 Asiae,
1235 183 1274 220 in
1307 185 1425 222 oculis
1443 187 1481 226 85

112 255 342 292 clarissimae
376 253 594 302 provinciae
627 258 741 299 atque
775 251 814 286 in
853 250 1005 286 auribus
1044 249 1217 285 omnium
1254 250 1425 297 gentium

111 331 155 356 ac
190 319 391 355 nationum
425 329 508 354 esse
540 316 732 365 positam?
777 326 857 352 non
895 314 1089 350 itineribus
1122 313 1193 349 tuis
1230 313 1426 361 perterreri

112 383 302 427 homines,
332 394 412 419 non
447 388 602 428 sumptu
630 379 830 424 exhauriri,
861 390 940 415 non
974 378 1139 415 adventu
1168 378 1425 414 commoveri?

113 460 196 486 esse
231 458 475 496 quocumque
509 445 657 482 veneris
691 451 728 480 et
760 443 912 492 publice
946 449 982 479 et
1015 441 1187 490 privatim
1221 441 1427 478 maximam

112 511 302 557 laetitiam,
330 523 450 560 quum
478 511 567 547 urbs
596 509 796 546 custodem
825 520 904 544 non
932 514 1146 556 tyrannum,
1171 505 1309 542 domus
1337 506 1427 544 hos·
1444 520 1486 552 90

113 576 231 624 pitem
252 588 332 612 non
353 575 602 624 expilatorem
622 573 812 622 recepisse
832 572 1027 609 videatur?

170 652 203 687 3.
235 638 309 676 His
336 647 464 676 autem
490 639 529 675 in
555 638 666 675 rebus
693 638 769 674 iam
789 643 825 673 te
850 648 940 673 usus
967 636 1048 684 ipse
1073 636 1246 685 profecto
1269 637 1427 675 erudivit

114 716 358 753 nequaquam
379 704 467 740 satis
488 715 571 740 esse
598 703 724 751 ipsum
753 701 822 738 has
843 708 878 738 te
905 701 1044 737 habere
1071 701 1236 746 virtutes,
1257 702 1325 738 sed
1344 714 1428 739 esse

115 768 498 816 circumspiciendum
530 768 740 815 diligenter,
768 773 810 803 ut
838 766 876 802 in
905 765 976 803 hac
1006 766 1178 803 custodia
1211 767 1428 814 provinciae

113 845 194 870 non
214 840 250 870 te
274 844 405 878 unum,
428 833 495 870 sed
522 844 658 869 omnes
685 832 878 868 ministros
906 832 1052 880 imperii
1071 830 1124 867 tui
1152 831 1264 868 sociis
1288 838 1324 868 et
1344 831 1429 869 civi·
1447 842 1488 876 95

113 899 184 935 bus
213 903 250 935 et
278 898 331 934 rei
360 897 535 946 publicae
565 903 755 946 praestare
784 896 945 933 videare.
1004 895 1250 944 Quamquam
1284 896 1430 944 legatos

113 962 232 1000 habes
259 974 339 1004 eos.
365 963 429 1012 qui
458 962 530 1010 ipsi
560 974 629 1010 per
658 974 698 999 se
729 961 889 997 habituri
918 961 993 997 sint
1021 960 1209 997 rationem
1239 960 1430 1009 dignitatis

115 1039 218 1071 suae,
237 1027 283 1063 de
304 1027 441 1074 quibus
462 1026 609 1063 honore
626 1033 663 1062 et
683 1026 865 1075 dignitate
887 1032 922 1062 et
938 1032 1059 1062 aetate
1075 1032 1240 1073 praestat
1260 1025 1430 1070 Tubero,

114 1104 229 1140 quern
251 1104 323 1140 ego
346 1091 515 1136 arbitror,
532 1092 754 1140 praesertim
771 1102 889 1139 quum
911 1090 1048 1127 scribat
1068 1090 1274 1136 historiam,
1290 1090 1431 1128 multos

113 1168 160 1194 ex
189 1157 266 1194 suis
293 1156 492 1193 annalibus
521 1168 636 1205 posse
664 1156 830 1204 deligere
859 1167 956 1203 quos
977 1155 1063 1191 velit
1083 1161 1119 1191 et
1144 1155 1265 1203 possit
1283 1155 1430 1192 imitari.
1453 1167 1511 1189 100

113 1221 275 1258 Alienus
303 1228 429 1258 autem
458 1229 587 1258 noster
614 1227 671 1258 est
697 1232 816 1269 quum
843 1220 972 1256 animo
998 1226 1035 1256 et
1062 1219 1325 1257 benevolentia
1350 1227 1431 1258 tum

112 1297 202 1322 vero
231 1285 344 1322 etiarn
374 1285 584 1322 imitatione
611 1285 772 1323 vivendi.
831 1284 933 1321 Nam
961 1284 1051 1333 quid
1080 1296 1154 1333 ego
1184 1284 1230 1322 de
1258 1284 1430 1323 Gratidio

114 1350 265 1387 dicam?
299 1362 415 1399 quem
446 1358 546 1388 certe
575 1351 655 1388 scio
685 1351 736 1387 ita
764 1350 937 1387 laborare
967 1349 1015 1387 de
1045 1350 1321 1388 existimatione
1351 1363 1430 1395 sua,

113 1422 153 1452 ut
173 1421 328 1464 propter
350 1427 521 1453 amorem
542 1416 581 1452 in
601 1427 672 1452 nos
693 1415 901 1452 fraternum
922 1415 1036 1452 etiam
1058 1415 1104 1451 de
1125 1422 1255 1452 nostra
1274 1416 1430 1453 laboret.

114 1480 369 1526 Quaestorem
389 1481 508 1517 habes
529 1492 609 1517 non
628 1488 694 1517 tuo
721 1480 862 1517 iudicio
884 1479 1086 1525 delectum,
1108 1480 1176 1516 sed
1196 1492 1294 1525 eum,
1316 1492 1430 1528 quem
1455 1492 1510 1524 105

113 1556 196 1582 sors
217 1545 332 1582 dedit.
392 1544 511 1582 Hunc
531 1552 682 1594 oportet
710 1551 746 1582 et
773 1556 841 1581 sua
868 1551 1005 1592 sponte
1032 1555 1116 1580 esse
1135 1544 1375 1582 moderatum
1395 1553 1432 1583 et

112 1610 185 1646 tuis
214 1610 391 1647 institutis
421 1622 466 1647 ac
496 1610 710 1659 praeceptis
740 1610 1018 1657 obtemperare.
1077 1607 1255 1654 Quorum
1288 1610 1319 1647 si
1348 1610 1432 1659 quis

113 1674 210 1711 forte
232 1680 331 1711 esset
356 1674 556 1719 sordidior,
578 1674 694 1711 ferres
721 1682 889 1719 eatenus,
911 1672 1039 1722 quoad
1065 1685 1133 1721 per
1159 1685 1199 1710 se
1225 1675 1433 1724 negligeret

112 1751 176 1776 eas
205 1739 309 1787 leges
339 1739 475 1788 quibus
506 1746 606 1776 esset
635 1740 820 1784 astrictus,
847 1750 927 1774 non
957 1745 996 1774 ut
1025 1749 1071 1774 ea
1098 1744 1287 1786 potestate
1317 1752 1433 1788 quam

110 1810 151 1840 tu
171 1803 220 1840 ad
247 1804 471 1852 dignitatem
497 1805 735 1853 permisisses
762 1805 811 1840 ad
838 1809 1039 1852 quaestum
1063 1810 1236 1841 uteretur.
1296 1804 1432 1854 Neque
1457 1822 1515 1843 110

111 1869 214 1905 enirn
243 1868 336 1904 mihi
367 1881 459 1906 sane
488 1870 623 1918 placet,
653 1869 875 1918 praesertim
906 1880 1026 1916 quum
1059 1867 1097 1903 hi
1125 1879 1252 1906 mores
1286 1876 1433 1906 tantum

110 1933 186 1969 iam
220 1932 269 1969 ad
302 1933 460 1970 nimiam
498 1934 691 1970 lenitatem
729 1940 767 1970 et
805 1933 855 1970 ad
893 1932 1142 1969 ambitionem
1179 1933 1429 1980 incubuerint,

111 1997 269 2036 scrutari
298 2004 334 2034 te
363 2009 499 2035 omnes
531 1999 675 2043 sordes,
707 2006 882 2035 excutere
912 2008 1034 2033 unum
1063 2008 1257 2046 quemque
1287 2010 1431 2045 eorum,

111 2062 180 2101 sed
208 2068 352 2111 quanta
382 2062 428 2098 sit
457 2063 495 2098 in
525 2075 679 2111 quoque
709 2063 803 2100 fides
832 2068 981 2099 tantum
1010 2061 1147 2110 cuique
1182 2063 1431 2101 committere.

110 2127 238 2176 Atque
265 2127 360 2163 inter
387 2126 458 2164 hos
484 2139 561 2172 eos,
584 2139 680 2175 quos
709 2127 776 2163 tibi
796 2127 955 2164 comites
987 2130 1024 2162 et
1045 2126 1238 2164 adiutores
1258 2129 1432 2176 negotio·
1455 2143 1512 2174 115

111 2204 195 2229 rum
221 2191 461 2240 publicorum
488 2192 591 2229 dedit
618 2193 700 2241 ipsa
726 2204 784 2229 res
812 2191 974 2240 publica,
1001 2189 1198 2230 dumtaxat
1223 2192 1360 2230 finibus
1387 2193 1430 2230 iis

111 2257 331 2307 praestabis,
354 2268 452 2305 quos
473 2264 560 2294 ante
580 2258 817 2306 praescripsi.

167 2336 202 2369 4.
232 2321 343 2368 Quos
376 2333 465 2359 vero
499 2329 564 2359 aut
597 2335 644 2359 ex
684 2323 904 2361 domesticis
939 2323 1242 2364 convictionibus
1281 2332 1344 2364 aut
1381 2337 1429 2364 ex
