1587 2533
542 90 717 121 ROMAN
744 88 1027 120 ANECDOTES.
1390 80 1414 117 6
1424 91 1438 118 1

545 254 601 288 11.
641 251 786 300 Appius
814 250 871 287 llze
898 249 1027 287 Blind.

174 360 248 400 Ad.
281 361 385 411 App.
418 360 569 400 Claudii
603 366 840 398 senectutem
866 360 1075 398 accedebat
1098 360 1211 397 etiarn
1238 366 1278 397 ut
1308 372 1444 398 caecus

119 434 220 465 esset
238 440 246 465 ε
276 434 404 465 tamen
424 427 467 473 is,
489 438 608 477 quum
629 425 818 464 sententia
837 432 991 463 senatus
1011 425 1206 463 inclinaret
1232 426 1281 463 ad
1307 438 1443 475 pacem

121 505 209 531 cum
233 492 378 542 Pyrrho
400 491 613 541 foedusque
642 491 874 538 faciendum,
904 503 986 529 non
1015 491 1198 529 dubitavit
1230 492 1355 529 dicere
1384 491 1444 528 illa

117 570 216 609 quae
237 558 412 596 versibus·
429 563 652 606 persecutus
672 562 730 594 est
749 555 901 594 Ennius
918 568 926 594 :

79 656 97 688 5
370 643 442 681 Qo
466 641 551 672 vobis
574 647 701 677 mentes,
726 646 827 672 rectae
851 651 927 680 quae
951 647 1028 671 stare
1053 641 1188 671 solebant

367 694 516 730 Antehac,
541 694 694 724 dementes
717 704 780 724 sese
802 694 912 723 flexere
938 693 1024 723 viai?

117 784 318 828 ceteraque
353 777 600 828 gravissime:
645 784 782 815 notum
815 777 918 815 enim
949 777 1059 815 vobis
1094 789 1249 815 carmen
1284 784 1361 826 est;
1406 784 1443 815 et

115 850 244 882 tamen
278 844 398 894 ipsius
435 843 554 893 Appii
593 849 716 881 exstat
754 843 888 881 oratio.
973 842 1102 892 Atque
1133 841 1229 880 haec
1267 843 1328 880 ille
1366 844 1442 892 egit

117 917 264 959 septem
298 916 336 948 et
377 909 513 948 decem
552 909 664 947 annis
702 915 791 959 post
829 908 989 947 alterum
1028 908 1282 955 consulatum,
1323 921 1443 958 quum

61 976 212 1016 minter
247 976 345 1014 duos
379 975 600 1014 consulatus
636 976 727 1013 anni
759 974 894 1013 decem
934 974 1246 1020 interfluxissent,
1286 987 1441 1012 censor-

115 1054 189 1093 que
218 1048 306 1080 ante
335 1041 573 1091 superiorem
614 1040 858 1079 consulatum
895 1040 1053 1086 fuisset;
1099 1051 1146 1077 ex
1188 1051 1266 1090 quo
1307 1040 1440 1078 intelli-

114 1107 215 1158 gitur
244 1106 377 1157 Pyrrhi
406 1107 507 1145 bello
536 1107 724 1156 grandem
754 1118 846 1144 sane
885 1105 1028 1143 fuisse:
1072 1111 1110 1143 et
1151 1110 1281 1143 tamen
1322 1107 1377 1144 sic
1420 1119 1442 1144 a

114 1174 284 1224 patribus
304 1174 535 1223 accepimus.
593 1173 699 1210 Nihil
718 1173 831 1223 igitur
851 1172 1015 1210 afferunt
1048 1171 1112 1221 qui
1142 1171 1181 1208 in
1207 1184 1247 1209 re
1273 1172 1442 1221 gerenda

113 1237 252 1274 versari
272 1243 508 1275 senectutem
529 1243 698 1287 negant;
730 1235 950 1285 similesque
972 1241 1060 1273 sunt
1079 1241 1120 1273 ut
1145 1235 1176 1273 si
1206 1235 1271 1284 qui
1298 1236 1439 1285 guber-

62 1321 94 1351 15
114 1310 290 1340 natorem
321 1302 362 1339 in
391 1302 611 1351 navigando
643 1302 736 1339 nihil
764 1314 878 1351 agere
910 1301 1050 1346 dicant,
1083 1313 1203 1351 quum
1230 1301 1290 1337 alii
1316 1301 1439 1339 malos

113 1367 311 1414 scandant,
347 1368 407 1405 alii
441 1380 510 1418 per
541 1368 647 1406 foros
680 1374 844 1414 cursent,
882 1367 943 1405 alii
979 1367 1170 1405 sentinam
1204 1366 1437 1412 exhauriant,

113 1434 173 1471 ille
204 1440 331 1472 autem
366 1433 515 1472 clavum
549 1440 686 1472 tenens
719 1434 871 1484 quietus
905 1432 1037 1471 sedeat
1071 1433 1109 1470 in
1142 1432 1273 1482 puppi.
1345 1432 1438 1471 Non

114 1499 203 1538 facit
235 1512 292 1547 ea,
321 1511 422 1549 quae
456 1500 637 1538 iuvenes:
686 1506 724 1538 at
754 1511 844 1537 vero
878 1499 998 1536 multo
1033 1499 1180 1536 maiora
1212 1505 1250 1536 et
1281 1498 1439 1538 meliora

114 1564 212 1605 facit.
296 1565 389 1602 Non
427 1566 567 1604 viribus
607 1572 672 1603 aut
715 1565 976 1603 velocitatibus
1019 1570 1083 1601 aut
1124 1564 1314 1602 celeritate
1354 1577 1438 1603 cor-

55 1647 93 1669 20
112 1643 251 1681 porum
280 1643 341 1669 res
373 1643 539 1680 magnae
566 1637 762 1681 geruntur,
795 1630 864 1668 sed
891 1629 1064 1676 consilio,
1089 1630 1323 1676 auctoritate,
1351 1642 1436 1668 sen-

111 1697 252 1744 tentia;
311 1696 450 1747 quibus
490 1709 570 1735 non
608 1696 727 1734 modo
766 1707 847 1733 non
885 1695 1023 1741 orbari,
1058 1695 1126 1733 sed
1159 1695 1274 1732 etiam
1308 1697 1437 1746 augeri

111 1769 289 1802 senectus
310 1763 416 1802 solet.
968 1753 973 1756 ⁵

166 1828 360 1876 Quattuor
392 1830 574 1867 robustos
607 1829 717 1875 filios,
750 1829 920 1879 quinque
947 1827 1054 1873 filias,
1084 1833 1230 1865 tantam
1265 1828 1435 1875 domum,

111 1900 237 1934 tantas
270 1895 464 1934 clientelas
497 1895 649 1946 Appius
683 1895 841 1944 regebat
874 1900 911 1932 et
942 1905 1080 1931 caecus
1113 1899 1150 1931 et
1184 1906 1313 1932 senex.
1370 1895 1436 1932 In-

54 1972 90 2003 25
109 1966 260 1999 tentum
289 1961 393 1998 enim
422 1961 606 2007 animum,
638 1968 837 2010 tamquam
866 1971 1010 2005 arcum,
1041 1958 1217 2006 habebat,
1250 1972 1322 1999 nec
1355 1961 1435 1998 lan—

109 2038 300 2078 guescens
348 2028 626 2066 succumbebat
675 2027 872 2065 senectuti.
960 2024 1139 2063 Tenebat
1187 2037 1267 2064 non
1315 2027 1435 2065 modo

109 2093 373 2132 auctoritatem
421 2094 489 2132 sed
536 2094 651 2132 etiam
698 2093 901 2143 imperium
949 2092 989 2129 in
1032 2103 1124 2130 suos
1140 2104 1151 2140 3
1209 2093 1436 2131 metuebant

110 2158 219 2206 servi,
252 2159 479 2197 verebantur
510 2159 630 2206 liberi,
666 2171 796 2197 carum
835 2170 972 2196 omnes
1010 2157 1227 2196 habebant:
1284 2159 1435 2208 vigebat

109 2224 149 2262 in
177 2224 239 2262 illa
267 2224 386 2262 domo
415 2237 502 2263 mos
528 2226 673 2275 patrius
700 2231 736 2263 et
767 2224 977 2274 disciplina.
1038 2223 1097 2261 Ita
1123 2224 1226 2260 enim
1256 2231 1434 2263 senectus

52 2304 92 2335 30
109 2289 272 2328 honesta
310 2295 379 2336 est,
415 2291 446 2328 si
484 2303 525 2328 se
563 2291 648 2340 ipsa
682 2289 862 2334 defendit,
902 2289 933 2327 si
971 2289 1029 2327 ius
1068 2301 1181 2327 suum
1218 2290 1364 2336 retinet,
1403 2291 1433 2328 si

109 2355 254 2393 nemini
301 2356 522 2407 mancipata
563 2363 631 2403 est,
681 2356 712 2394 si
752 2367 874 2406 usque
916 2355 968 2394 ad
1007 2367 1221 2393 extremum
1262 2356 1432 2405 spiritum
