1587 2533
162 95 239 146 184
494 105 648 135 EXTRA
656 105 738 136 cTS
766 106 826 135 FR
833 105 902 136 OM
930 106 1063 136 czcER
1071 106 1110 137 o.
1323 108 1400 138 sect.
1418 108 1472 139 1v.

209 206 246 240 2.
276 202 328 240 At
349 203 452 241 dedit
472 216 630 253 poenas.
687 204 884 242 Prohiberi
906 205 1040 242 melius
1061 204 1128 242 fuit
1141 205 1404 254 impedirique,
1420 218 1469 243 ne
1489 221 1527 252 25

154 274 210 305 tot
231 281 401 306 summos
422 270 520 307 viros
541 270 777 315 interficeret,
800 283 914 319 quarn
941 272 1068 320 ipsum
1095 271 1300 319 aliquando
1321 283 1469 320 poenas

155 333 255 371 dare.
316 334 475 372 Summo
507 335 674 372 cruciatu
707 336 972 384 supplicioque
1007 335 1056 381 Q.
1078 335 1227 382 Varius,
1247 336 1365 374 homo
1396 337 1467 373 im-

154 400 458 448 portunissimus,
507 400 637 448 periit;
687 401 728 445 si,
769 401 856 449 quia
901 401 1072 438 Drusum
1119 401 1230 447 ferro,
1270 401 1468 439 Metellum

154 476 302 500 veneno
324 464 548 500 sustulerat:
578 464 660 501 illos
681 465 894 501 conservari
915 465 1049 502 melius
1077 465 1154 511 fuit,
1177 478 1292 514 quam
1320 478 1467 514 poenas

154 528 303 565 sceleris
329 527 487 564 Varium
514 528 691 577 pendere.
748 529 1143 578 Duodequadraginta
1170 542 1293 567 annos
1319 530 1466 578 Diony·
1486 542 1527 571 30

154 594 229 629 sius
267 599 450 641 tyrannus
488 592 556 629 fuit
594 593 903 641 opulentissimae
943 601 978 631 et
1016 595 1259 631 beatissimae
1298 595 1464 632 civitatis.

154 657 282 703 Quam
309 657 448 694 multos
475 665 563 694 ante
587 658 688 694 hunc
720 658 758 694 in
779 659 864 707 ipso
889 657 1074 696 Graeciae
1104 658 1198 695 flore
1228 659 1465 696 Pisistratus!

151 723 202 759 At
224 722 403 767 Phalaris,
425 729 461 759 at
481 723 741 772 Apollodorus
769 735 915 771 poenas
941 723 1096 760 sustulit.
1153 723 1284 761 Multis
1311 724 1467 772 quidem

152 794 237 824 ante
259 787 432 824 cruciatis
454 795 489 824 et
510 788 663 825 necatis.
723 788 771 825 Et
800 788 1015 836 praedones
1042 788 1148 824 multi
1179 800 1293 836 saepe
1319 800 1465 837 poenas

152 851 264 888 dant:
313 864 384 889 nec
422 858 551 889 tamen
589 864 795 902 possumus
835 853 970 898 dicere,
1010 864 1090 889 non
1129 851 1256 901 plures
1295 851 1466 901 captivos
1485 867 1523 899 35

150 918 296 962 acerbe,
333 930 448 966 quam
486 918 700 966 praedones
739 924 906 955 necatos.
963 917 1236 954 Anaxarchum
1267 917 1466 954 Democri-

150 990 253 1019 teum
274 994 296 1019 a
316 981 459 1031 Cyprio
482 989 643 1031 tyranno
675 983 986 1020 excarnificatum
1016 983 1245 1030 accepimus,
1268 982 1466 1019 Zenonem

149 1046 264 1083 Eleae
286 1047 323 1083 in
344 1048 541 1084 tormentis
562 1055 749 1085 necatum.
807 1047 912 1093 Quid
939 1047 1063 1084 dicam
1088 1047 1135 1084 de
1167 1047 1335 1093 Socrate,
1357 1048 1465 1084 cuius

149 1112 261 1148 morti
296 1111 506 1148 illacrimari
542 1112 646 1149 soleo
682 1112 881 1149 Platonem
911 1112 1072 1160 legens?
1128 1112 1299 1149 Videsne
1338 1113 1464 1161 igitur,

150 1177 310 1213 deorum
331 1176 483 1222 iudicio,
506 1178 535 1214 si
567 1177 695 1214 vident
725 1189 784 1215 res
805 1177 1003 1222 humanas,
1027 1177 1232 1215 discrimen
1262 1190 1346 1215 esse
1379 1178 1466 1215 sub·
1483 1191 1526 1221 40

148 1242 293 1279 latum?

202 1312 239 1345 3.
269 1306 466 1356 Diogenes
502 1307 656 1357 quidem
687 1306 855 1358 Cynicus
887 1307 1012 1345 dicere
1051 1306 1208 1351 solebat,
1239 1305 1467 1357 Harpalum,

149 1374 213 1423 qui
245 1373 479 1421 temporibus
511 1374 581 1410 illis
612 1373 754 1422 praedo
787 1374 826 1410 in
859 1372 1082 1421 Pamphylia
1121 1372 1208 1409 felix
1246 1372 1465 1417 habebatur,

149 1445 283 1475 contra
320 1440 414 1477 deos
444 1439 706 1475 testimonium
736 1438 872 1483 dicere,
905 1438 1009 1487 quod
1038 1438 1077 1474 in
1115 1437 1177 1474 illa
1207 1437 1358 1474 fortuna
1386 1443 1465 1474 tam

148 1504 212 1541 diu
250 1505 399 1542 viveret.
456 1504 678 1553 Dionysius,
719 1504 765 1541 de
805 1515 882 1552 quo
922 1510 1009 1540 ante
1049 1503 1137 1547 dixi,
1177 1514 1295 1551 quum
1334 1501 1465 1538 fanum
1485 1516 1524 1547 45

149 1569 399 1620 Proserpinae
430 1569 562 1606 Locris
587 1568 839 1617 expilavisset,
867 1568 1070 1617 navigabat
1099 1567 1328 1616 Syracusas:
1358 1567 1467 1616 isque

149 1646 268 1684 quum
295 1634 573 1673 secundissimo
597 1641 710 1671 vento
736 1646 890 1671 cursum
919 1639 1074 1678 teneret,
1095 1632 1234 1677 ridens,
1256 1631 1466 1677 Videtisne,

148 1700 280 1748 inquit,
321 1699 442 1743 amici,
483 1711 599 1747 quam
637 1700 741 1736 bona
779 1711 802 1736 a
840 1698 910 1735 diis
949 1697 1226 1734 immortalibus
1273 1697 1465 1746 navigatio

150 1765 341 1813 sacrilegis
374 1764 506 1801 detur?
564 1763 685 1812 quue
705 1763 824 1800 homo
845 1769 978 1800 acutus
1000 1774 1119 1811 quum
1147 1763 1247 1799 bene
1277 1761 1467 1811 planeque

149 1830 392 1878 percepisset,
425 1829 464 1865 in
497 1829 633 1866 eadem
672 1829 856 1866 sententia
895 1827 1182 1877 perseverabat:
1232 1827 1308 1875 qui,
1347 1839 1464 1875 quum
1486 1839 1527 1869 50

149 1893 197 1931 ad
233 1894 546 1942 Peloponnesum
580 1894 743 1931 classem
778 1893 997 1942 appulisset,
1020 1898 1056 1929 et
1091 1892 1129 1928 in
1151 1892 1283 1928 fanum
1303 1892 1467 1929 venisset

149 1959 253 1997 Iovis
288 1960 467 2009 Olympii,
498 1972 655 1997 aureum
689 1960 723 1996 ei
754 1959 914 1996 detraxit
947 1957 1163 2002 amiculum,
1199 1958 1334 2006 grandi
1368 1970 1467 2006 pon-

150 2024 250 2070 dere,
289 2036 366 2073 quo
406 2025 539 2061 Iovem
578 2031 730 2061 ornarat
769 2036 816 2060 ex
854 2023 1044 2060 manubiis
1084 2022 1467 2071 Karthaginiensium

150 2097 331 2139 tyrannus
367 2089 500 2127 Hiero.
556 2090 684 2138 Atque
718 2089 758 2126 in
788 2101 834 2126 eo
869 2089 982 2126 etiam
1016 2087 1208 2124 cavillatus
1234 2093 1300 2132 est,
1323 2094 1466 2124 aestate

149 2169 262 2206 grave
283 2169 367 2194 esse
389 2169 545 2193 aureum
566 2155 782 2201 amiculum,
803 2156 928 2192 hieme
957 2154 1150 2202 frigidum,
1173 2154 1284 2202 eique
1313 2153 1465 2190 laneum
1486 2165 1523 2196 55

151 2221 305 2270 pallium
330 2222 466 2266 iniecit,
489 2234 607 2271 quum
627 2221 665 2258 id
695 2233 778 2258 esse
808 2227 939 2270 aptum
969 2219 1017 2256 ad
1050 2231 1166 2256 omne
1197 2219 1285 2256 anni
1314 2224 1465 2267 tempus

150 2286 302 2324 diceret.
360 2286 545 2334 Idemque
568 2286 786 2334 Aesculapii
806 2284 989 2334 Epidauri
1009 2284 1168 2321 barbam
1190 2296 1344 2321 auream
1365 2284 1466 2321 demi

150 2350 268 2389 iussit.
325 2350 462 2401 Neque
498 2352 600 2388 enim
630 2351 832 2388 convenire
853 2351 1055 2388 barbatum
1085 2361 1167 2387 esse
1197 2349 1326 2395 filium,
1347 2360 1466 2399 quum
