1587 2533
109 135 186 171 240
461 129 524 160 EX
529 127 618 159 TRA
626 127 708 158 CTS
736 127 872 157 FROM
900 125 1079 158 CICERO.
1285 123 1362 154 Sect.
1384 123 1422 153 V.

108 235 307 285 respondit
335 235 450 272 istum
479 234 528 271 ad
557 245 597 270 se
627 232 784 277 misisse,
810 237 852 269 ut
881 231 951 268 sibi
979 230 1143 267 mitteret
1170 227 1424 277 Agrigentum

110 301 416 349 peripetasmata.
473 297 663 343 Quaesivi,
701 309 750 333 an
783 296 969 333 misisset:
1008 294 1206 343 respondit
1237 293 1287 338 id,
1321 291 1426 341 quod

113 377 272 402 necesse
289 370 378 408 erat,
397 363 537 400 scilicet
558 362 660 399 dicto
676 361 894 398 audientem
914 360 1028 397 fuisse
1048 358 1234 408 praetori3
1264 357 1425 394 misisse.

111 429 272 478 Rogavi,
287 428 600 477 pervenissentne
612 425 886 474 Agrigentum:
915 423 1248 473 dixitpervenisse.
1296 421 1425 467 Quae·
1447 421 1507 451 180

111 495 189 539 sivi,
219 492 549 542 quemadmodum
577 491 838 528 revertissent:
876 489 1030 538 negavit
1063 488 1189 525 adhuc
1221 486 1425 524 revertisse.

112 561 227 598 Risus
257 558 389 607 populi
419 564 532 606 atque
563 556 862 593 admurmuratio
891 555 1065 593 onmium
1092 553 1192 591 facta
1225 559 1291 590 est.
1350 551 1428 588 Hic

112 625 177 662 tibi
206 625 245 661 in
273 629 444 660 mentem
474 634 553 659 non
587 622 689 658 venit
723 621 863 665 iubere,
894 627 934 658 ut
966 620 1063 656 haec
1092 630 1246 668 quoque
1274 616 1429 654 referret

113 701 159 727 Hs
187 701 225 726 VI
254 688 418 724 millibus
447 697 483 723 13
513 698 553 723 se
583 686 650 722 tibi
679 684 921 722 vendidisse?
978 683 1161 728 Metuisti‚
1180 695 1229 719 ne
1256 693 1321 719 aes
1341 681 1428 717 alie-

113 766 206 790 num
234 753 301 790 tibi
333 758 530 795 cresceret,
561 751 591 788 si
620 762 668 788 Hs
695 762 732 787 v1
760 750 925 786 millibus
959 759 997 785 10
1026 748 1092 785 tibi
1121 751 1339 785 constarent
1371 757 1427 791 ea,
1450 743 1507 782 185

113 831 211 868 quae
240 825 281 855 tu
310 817 419 854 facile
449 828 585 865 posses
615 815 778 852 vendere
810 827 857 852 ns
886 826 928 853 cc
961 812 1154 850 millibus?
1211 811 1296 848 Fuit
1324 810 1428 855 tanti,

113 884 204 920 mihi
244 883 378 919 crede:
422 881 582 917 haberes
621 879 728 929 quod
767 879 1018 916 defenderes:
1066 889 1183 915 nemo
1221 881 1429 925 quaereret,

112 949 242 998 quanti
264 947 326 984 illa
345 958 404 983 res
424 953 545 983 esset:
576 945 606 983 si
627 945 746 982 modo
767 951 803 981 te
823 955 960 993 posses
986 943 1124 980 docere
1152 942 1301 986 emisse,
1324 940 1431 977 facile

112 1013 173 1050 cui
202 1012 315 1049 velles
343 1018 446 1048 tuam
473 1022 629 1047 causam
656 1017 692 1046 et
719 1009 860 1046 facturn
889 1009 1093 1058 probares:
1123 1018 1227 1045 nune
1256 1006 1304 1044 de
1333 1005 1431 1056 peri-

112 1076 333 1127 petasmatis
354 1075 683 1125 quemadmodum
702 1081 738 1112 te
759 1074 952 1123 expedias,
973 1084 1054 1110 non
1073 1071 1203 1110 habes.
1451 1079 1512 1113 190

211 1268 250 1301 5.
290 1263 429 1300 Verres’
450 1261 482 1299 A
485 1266 600 1311 genls.
656 1261 758 1299 How
777 1261 1001 1311 Pamphilus
1021 1261 1135 1298 saved
1147 1260 1207 1298 lzz's
1229 1260 1339 1310 Cups.

172 1392 203 1416 1.
232 1379 329 1423 Iam,
350 1383 391 1414 ut
418 1376 513 1415 haec
540 1377 671 1414 omnia
696 1377 860 1426 reperire
887 1389 932 1414 ac
959 1376 1185 1426 perscrutari
1213 1377 1345 1414 solitus
1373 1376 1431 1422 sit,

114 1444 270 1489 iudices,
310 1450 366 1481 est
404 1455 545 1492 operae
583 1442 747 1491 pretium
785 1454 1033 1491 cognoscere.
1102 1441 1304 1491 Cibyratae
1343 1450 1432 1480 sunt

115 1510 248 1546 fratres
275 1508 442 1558 quidam,
468 1507 718 1556 Tlepolemus
744 1514 781 1544 et
808 1507 953 1544 Hiero:
983 1519 1146 1556 quorum
1175 1507 1335 1544 alterum
1361 1507 1430 1544 fin-

115 1587 204 1623 gere
239 1574 377 1622 opinor
410 1585 431 1609 e
464 1584 550 1609 cera
588 1572 741 1609 solitum
779 1584 875 1617 esse,
910 1572 1069 1609 alterum
1107 1584 1192 1610 esse
1230 1573 1429 1621 pictorem.

116 1639 251 1676 Hosce
277 1639 416 1687 opinor
443 1637 617 1687 Cibyrae,
639 1649 759 1687 quum
785 1637 824 1674 in
851 1637 1110 1686 suspicionem
1136 1638 1329 1675 venissent
1353 1638 1429 1676 suis
1449 1651 1469 1686 5

117 1704 259 1741 civibus
298 1703 428 1739 fanum
462 1702 649 1751 expilasse
683 1702 885 1751 Apollinis,
919 1702 1058 1739 veritos
1096 1714 1265 1751 poenam
1301 1703 1428 1741 iudicii

117 1781 162 1806 ac
204 1768 310 1817 legis,
355 1768 473 1805 domo
517 1767 744 1816 profugisse.
812 1766 930 1813 Quod
975 1766 1136 1804 Verrem
1182 1767 1326 1805 artificii
1373 1769 1430 1806 sui

118 1832 299 1880 cupidum
333 1838 605 1880 cognoverant,
640 1831 759 1868 domo
792 1831 1048 1880 perfugientes
1086 1831 1136 1869 ad
1169 1844 1258 1869 eum
1291 1844 1332 1870 se
1366 1846 1431 1871 ex-

118 1897 229 1941 sules,
263 1909 382 1945 quum
420 1897 489 1933 iste
527 1902 627 1933 esset
664 1896 704 1933 in
739 1895 844 1942 Asia,
879 1896 1129 1934 contulerunt.
1187 1896 1334 1935 Habuit
1372 1910 1431 1936 se-

118 1973 207 1999 cum
245 1973 312 1998 eos
351 1961 399 1998 ab
439 1960 502 1998 illo
536 1967 721 2010 tempore,
750 1967 788 1998 et
819 1961 860 1998 in
891 1961 1093 2009 legationis
1127 1962 1279 2010 praedis
1317 1969 1430 2013 atque
1451 1977 1494 2002 10

118 2025 225 2063 furtis
250 2026 411 2062 multum
437 2025 587 2062 illorum
614 2037 731 2074 opera
757 2025 993 2075 consilioque
1016 2038 1109 2064 usus
1138 2033 1207 2065 est.
1264 2027 1318 2064 Hi
1345 2036 1432 2066 sunt

117 2091 180 2136 illi,
209 2091 346 2139 quibus
380 2091 417 2126 in
447 2090 583 2127 tabulis
616 2090 742 2128 retulit
771 2102 855 2128 sese
884 2090 934 2137 Q.
965 2091 1113 2129 Tadius
1143 2092 1294 2130 dedisse
1322 2093 1428 2132 iussu

117 2156 223 2193 istius
243 2154 401 2192 Graecis
421 2155 641 2203 pictoribus.
696 2154 777 2192 Eos
803 2155 879 2192 iam
905 2156 1003 2193 bene
1024 2156 1200 2205 cognitos
1227 2164 1264 2195 et
1283 2170 1323 2195 re
1342 2171 1431 2208 pro-

117 2221 227 2258 batos
254 2231 385 2257 secum
411 2220 451 2256 in
478 2219 644 2257 Siciliam
671 2219 789 2257 drmit.
845 2218 936 2266 Quo
963 2227 1217 2270 posteaquam
1236 2231 1430 2268 venerunt,

115 2284 334 2323 mirandum
362 2284 402 2321 in
430 2284 602 2329 modum,
631 2283 761 2335 (canes
790 2286 984 2323 venaticos
1013 2285 1189 2333 diceres‚)
1215 2287 1267 2324 ita
1296 2287 1431 2326 odora·
1454 2301 1492 2334 15

116 2350 255 2388 bantur
273 2349 405 2387 omnia
423 2356 460 2387 et
486 2350 804 2400 pervestigabant,
825 2356 877 2396 ut,
898 2351 962 2388 ubi
983 2351 1151 2402 quidque
1172 2358 1284 2400 esset,
1306 2353 1431 2404 aliqua
