1587 2533
178 84 230 126 82
522 93 764 124 EXTRACTS
793 95 928 124 FROM
957 95 1137 124 CICERO.

176 193 375 235 argentum
413 198 567 236 quoque
604 187 708 223 vult?
765 186 938 224 Tametsi
970 186 1139 234 hospites
1176 186 1315 231 habeo,
1354 191 1487 222 tamen

175 258 299 288 utatur
341 251 435 296 licet,
476 263 547 288 nos
591 250 728 288 Samiis
768 251 1062 288 delectabimur.'
1135 250 1240 296 Quid
1277 262 1351 298 ego
1389 262 1488 298 quae

177 315 314 353 deinde
343 316 478 353 efficiat
507 317 681 353 narrem?
738 315 938 353 Eiusmodi
972 322 1029 354 est
1062 315 1228 353 hominis
1255 321 1401 360 natura,
1436 322 1487 360 ut,

176 393 273 430 quae
295 380 450 429 singulis
471 380 604 417 diebus
625 380 761 417 efficiat
780 381 900 429 gloria
923 387 1036 430 atque
1061 380 1330 425 ostentatione,
1358 391 1403 416 ea
1429 379 1490 415 vix

177 457 306 482 annuo
328 456 507 482 sermone
528 456 701 482 enarrare
722 445 893 494 possim.‘
1511 455 1548 485 55

688 609 758 642 29.
797 603 831 641 A
865 603 984 642 Scene.

230 718 360 764 Quum
381 717 561 754 militibus
581 717 671 753 urbs
692 716 920 753 redundaret
940 723 976 753 et
996 728 1133 753 omnes
1155 716 1288 753 timore
1318 715 1494 765 oppressi

178 783 283 820 domi
307 783 600 828 continerentur,
622 781 723 819 venit
748 781 817 818 iste
847 792 935 818 cum
964 793 1072 829 sago,
1102 780 1231 829 gladio
1263 781 1491 824 succinctus,

179 856 313 885 tenens
340 847 528 892 iaculum;
563 846 731 896 quinque
765 845 1029 883 adolescentes
1063 845 1261 882 hominem
1295 845 1406 882 simili
1435 857 1495 882 or-

178 920 268 950 natu
315 913 608 961 subsequuntur.
678 911 858 959 Irrumpit
905 911 944 948 in
989 910 1105 948 aedes
1154 911 1305 956 subito;
1356 910 1494 947 deinde

179 990 320 1026 magna
339 989 453 1014 voce:
476 976 574 1014 ‘Ubi
595 984 651 1014 est
670 977 740 1014 iste
760 975 916 1021 beatus,’
938 976 1071 1024 inquit,
1095 978 1103 994 ‘
1117 975 1267 1012 aedium
1289 975 1494 1012 dominus?
1515 992 1532 1022 5

179 1044 270 1093 quin
290 1042 383 1079 mihi
403 1048 554 1091 praesto
575 1042 640 1079 fit?
680 1042 772 1091 quid
793 1041 949 1078 tacetis?
963 1041 972 1055 '
1021 1040 1098 1077 Hic
1118 1041 1179 1077 alii
1200 1052 1336 1077 omnes
1357 1040 1496 1088 stupidi

178 1109 314 1145 timore
345 1107 627 1145 obmutuerunt.
685 1106 793 1143 Uxor
818 1106 914 1143 illius
941 1105 1187 1143 infelicissimi
1215 1117 1303 1142 cum
1327 1105 1495 1141 maximo

179 1173 270 1210 fietu
291 1173 339 1209 ad
359 1173 464 1209 istius
492 1172 611 1221 pedes
642 1171 779 1209 abiecit
813 1183 908 1209 sese.
968 1170 1134 1216 ‘Parce‚'
1170 1170 1303 1219 inquit,
1336 1173 1396 1206 ‘et
1428 1182 1497 1219 per

180 1250 236 1283 ea,
267 1249 364 1286 quae
394 1237 459 1274 tibi
487 1237 706 1274 dulcissima
733 1243 821 1273 sunt
847 1237 886 1273 in
913 1236 998 1281 vita,
1025 1235 1204 1273 miserere
1233 1235 1374 1280 nostri;
1419 1234 1497 1271 noli

180 1303 422 1351 exstinguere
443 1302 664 1339 exstinctos.
722 1301 794 1339 Fer
814 1308 1013 1338 mansuete
1033 1300 1234 1337 fortunam.
1294 1298 1378 1336 Nos
1402 1311 1496 1347 quo-
1519 1315 1554 1336 10

180 1380 254 1416 que
275 1367 415 1404 fuimus
435 1368 558 1413 beati;
589 1379 709 1405 nosce
730 1374 766 1404 te
787 1379 871 1404 esse
891 1364 1114 1403 hominem.²
1171 1365 1222 1402 At
1242 1364 1324 1401 ille:
1369 1364 1496 1411 ‘Quin

181 1433 284 1470 illum
304 1433 396 1469 mihi
417 1432 524 1478 datis,
541 1444 585 1469 ac
601 1444 668 1469 vos
690 1432 841 1469 auribus
862 1431 957 1468 meis
978 1431 1180 1480 opplorare
1202 1442 1281 1467 non
1303 1430 1496 1467 desinitis?

181 1510 261 1535 non
282 1496 421 1534 abibit!
481 1497 539 1535 Illi
560 1497 751 1534 nuntiatur
772 1497 926 1542 interea,
953 1496 1104 1533 venisse
1128 1495 1243 1532 istum
1268 1501 1305 1532 et
1331 1494 1497 1531 clamore

181 1564 350 1600 maximo
371 1569 534 1600 mortem
554 1562 701 1599 minari.
748 1561 867 1608 Quod
887 1561 998 1599 simul
1017 1568 1058 1598 ut
1077 1561 1239 1598 audivit:
1261 1563 1269 1578 ‘
1286 1559 1419 1605 Heus,’
1441 1559 1497 1596 in-

182 1629 272 1677 quit,
287 1626 463 1676 ‘Gorgia‚
477 1627 686 1677 pediseque
700 1638 916 1676 puerorum,
933 1626 1128 1664 absconde
1141 1636 1280 1674 pueros
1287 1638 1296 1671 3
1315 1623 1477 1661 defende
1485 1636 1495 1671 3
1520 1636 1554 1667 15

181 1693 251 1740 fac,
285 1700 325 1730 ut
363 1692 574 1730 incolumes
608 1692 658 1729 ad
692 1691 990 1729 adolescentiam
1022 1690 1232 1740 perducas!
1291 1688 1365 1726 Vix
1402 1688 1498 1726 haec

181 1759 337 1804 dixerat,
372 1769 490 1807 quum
525 1769 616 1794 ecce
647 1757 716 1794 iste
752 1763 932 1806 praesto:
967 1755 1129 1800 ‘Sedes,'
1161 1755 1293 1804 inquit,
1324 1754 1497 1791 ‘audax?

180 1835 260 1860 non
286 1834 360 1860 vox
386 1834 474 1859 mea
499 1822 565 1858 tibi
588 1822 703 1858 vitam
731 1821 900 1858 ademit?
930 1820 1040 1869 exple
1069 1820 1283 1857 inimicitias
1315 1831 1432 1864 meas,
1462 1824 1499 1856 et

180 1888 415 1925 iracundiam
448 1893 577 1924 satura
605 1893 671 1923 tuo
698 1885 907 1935 sanguine?
965 1885 1033 1922 Ille
1059 1897 1148 1922 cum
1177 1896 1322 1933 magno
1353 1884 1497 1933 spiritu,

169 1953 395 1998 '‘Verebarss
423 1953 585 2001 inquit‚‘
600 1964 648 1989 ne
676 1952 789 2001 plane
815 1952 934 1989 victus
961 1962 1097 1988 essem.
1155 1950 1285 2006 Nunc
1294 1950 1442 1999 iidem·
1461 1949 1499 1985 in
1518 1960 1557 1981 20

181 2018 321 2056 iudicio
342 2030 493 2054 mecum
515 2017 747 2054 contendere
767 2029 846 2054 non
865 2017 931 2062 vis,
952 2016 1017 2053 ubi
1038 2016 1205 2064 superari
1226 1996 1498 2064 turpissimum,

182 2090 218 2122 et
244 2095 422 2133 superare
449 2082 746 2131 pulcherrimum
771 2087 852 2128 est;
883 2080 1093 2118 interficere
1120 2092 1182 2116 me
1209 2080 1275 2117 vis.
1334 2078 1498 2116 Occidar

182 2148 370 2198 equidem,
393 2147 458 2184 sed
480 2148 598 2183 victus
619 2158 699 2183 non
720 2146 877 2196 peribo.’
922 2146 974 2183 At
993 2146 1063 2183 iste
1080 2157 1088 2182 :
1119 2148 1127 2164 ‘
1142 2145 1189 2181 In
1209 2151 1381 2181 extremo
1401 2144 1498 2180 vitae

182 2221 355 2262 tempore
385 2213 499 2249 etiam
530 2212 760 2249 sententiose
789 2211 985 2260 loqueris?
1028 2222 1154 2260 neque
1183 2209 1228 2255 ei,
1250 2221 1366 2258 quem
1394 2209 1500 2245 vides

183 2277 382 2322 dominari,
402 2277 457 2314 vis
483 2275 742 2326 supplicare?'
773 2276 878 2314 Tum
902 2275 1059 2312 mulier:
1091 2278 1099 2293 ‘
1116 2274 1244 2311 Immo
1265 2274 1420 2323 quidem
1439 2272 1499 2309 ille
1519 2281 1556 2312 25

184 2348 293 2391 rogat
322 2346 359 2378 et
387 2340 596 2389 supplicat;
629 2341 697 2378 sed
717 2347 767 2386 tu,
793 2352 948 2389 quaeso,
975 2350 1246 2384 commovere;
1288 2344 1325 2375 et
1352 2345 1402 2381 tu,
1433 2348 1500 2385 per
