1587 2533
178 121 194 148 1
207 119 258 148 10
527 116 773 148 EXTRACTS
803 117 862 146 FR
869 115 938 146 OM
965 115 1097 146 crem
1104 114 1142 145 o.
1327 106 1404 145 sect.
1426 109 1482 144 111.

161 217 459 263 constituerunt,
491 218 555 266 qui
582 218 695 254 urbes
725 216 1003 254 condiderunt?
1042 227 1103 259 an,
1134 213 1226 251 dum
1253 213 1396 250 bestiae
1425 212 1483 249 Io-

171 289 347 331 quantur,
385 289 661 331 exspectamus,
701 281 904 318 hominum
952 279 1214 318 consentiente
1261 277 1482 319 auctoritate

171 347 342 384 contenti
369 359 449 385 non
477 348 636 385 sumus?

227 411 311 450 Nec
335 424 424 449 vero
452 412 662 461 quidquam
682 410 783 449 aliud
802 410 967 456 affertur,
988 422 1054 447 cur
1073 420 1118 447 ea
1145 421 1243 458 quae
1273 408 1359 445 dico
1389 407 1482 446 divi-

170 477 288 514 nandi
320 488 461 525 genera
490 476 593 513 nulla
624 476 709 520 sint,
744 475 815 512 nisi
853 475 960 524 quod
998 473 1147 510 difficile
1185 473 1287 510 dictu
1323 473 1480 519 videtur,
1504 488 1540 508 ιο

170 553 269 591 quae
289 541 472 590 cuiusque
492 541 732 579 divinationis
753 541 859 585 ratio,
881 552 977 589 quae
998 551 1113 576 causa
1139 539 1197 576 sit.
1254 538 1358 584 Quid
1379 540 1482 577 enirn

169 607 285 644 habet
313 606 515 655 haruspex,
537 618 602 644 cur
634 606 766 655 pulmo
800 605 943 643 incisus
972 606 1085 642 etiam
1106 604 1145 640 in
1163 604 1277 641 bonis
1306 604 1401 641 extis
1429 604 1482 642 di-

165 673 279 709 rimat
308 677 460 720 tempus
491 678 529 708 et
559 670 727 720 proferat
754 671 881 708 diem?
919 670 1012 719 quid
1043 680 1175 718 augur,
1197 680 1263 705 cur
1296 681 1319 706 a
1350 669 1483 706 dextra

170 748 317 781 corvus,
339 748 361 773 a
381 736 530 773 sinistra
555 736 689 774 cornix
722 735 835 772 faciat
867 735 1019 772 ratum?
1048 733 1140 783 quid
1169 733 1394 782 astrologus,
1416 746 1482 771 cur

168 801 275 840 stella
304 800 406 839 Iovis
426 808 490 839 aut
509 800 672 838 Veneris
693 801 898 838 coniuncta
927 812 1014 837 cum
1041 799 1152 836 Luna
1177 797 1226 835 ad
1252 805 1356 836 ortus
1387 811 1480 847 pue·
1504 810 1538 840 15

167 878 298 905 rorum
328 866 500 904 salutaris
532 866 590 912 sit,
621 866 772 903 Saturni
804 864 986 902 Martisve
1013 862 1228 902 contraria?
1259 875 1326 901 cur
1354 870 1481 901 autem

166 933 262 971 deus
296 932 527 970 dormientes
561 943 634 969 nos
672 937 839 975 moneat,
869 930 1067 979 vigilantes
1105 928 1301 978 negligat?
1376 929 1481 976 Quid

165 997 306 1036 deinde
337 1009 474 1034 causae
504 1003 572 1042 est,
602 1009 668 1034 cur
705 995 924 1034 Cassandra
952 995 1080 1033 furens
1110 994 1233 1032 futura
1261 995 1477 1044 prospiciat,

166 1062 339 1099 Priamus
359 1061 511 1110 sapiens
531 1061 605 1098 hoc
626 1061 727 1098 idem
748 1060 872 1098 facere
893 1073 973 1098 non
993 1062 1132 1110 queat?
1189 1060 1267 1098 Cur
1287 1061 1349 1098 fiat
1369 1061 1478 1110 quid-

167 1139 251 1177 que,
274 1127 451 1175 quaeris?
487 1126 607 1164 Recte
627 1127 797 1163 omnino.
838 1125 913 1163 Sed
932 1138 1012 1162 non
1032 1139 1134 1164 nunc
1153 1126 1191 1163 id
1211 1126 1343 1176 agitur.
1381 1126 1477 1172 Fiat,
1499 1136 1538 1157 20

165 1204 289 1230 necne
310 1192 385 1238 fiat,
401 1191 440 1229 id
460 1192 661 1240 quaeritur.
691 1190 745 1228 Ut
765 1191 794 1228 si
815 1198 1034 1239 magnetem
1054 1192 1220 1240 lapidem
1241 1204 1324 1229 esse
1340 1191 1477 1238 dicam,

165 1259 230 1308 qui
260 1258 400 1295 sermm
434 1257 482 1294 ad
517 1269 558 1294 se
589 1257 723 1294 alliciat
752 1263 789 1294 et
818 1256 989 1302 attrahat,
1019 1258 1218 1303 rationem,
1243 1269 1309 1294 cur
1336 1257 1375 1294 id
1403 1257 1478 1304 fiat,

166 1324 299 1360 afferre
328 1335 528 1372 nequeam,
550 1322 629 1359 fieri
650 1323 810 1359 omnino
840 1323 985 1371 neges?
1042 1321 1160 1368 Quod
1188 1321 1290 1359 idem
1320 1321 1411 1360 facis
1440 1322 1479 1359 in

164 1389 417 1434 dixinatione3
447 1400 564 1437 quam
586 1395 623 1425 et
644 1388 833 1426 cernimus
854 1388 937 1435 ipsi,
954 1393 991 1424 et
1011 1387 1197 1432 audimus,
1214 1393 1251 1423 et
1266 1387 1428 1436 legimus
1441 1393 1478 1425 et

162 1466 188 1492 a
206 1454 375 1503 patribus
396 1453 614 1502 accepimus
629 1465 639 1499 ;
670 1464 795 1501 neque
820 1459 907 1489 ante
932 1451 1216 1502 philosophiam
1235 1451 1477 1501 patefactam,
1497 1470 1534 1501 25

164 1531 262 1569 quae
281 1531 404 1568 nuper
422 1518 576 1556 inventa
595 1525 663 1564 est,
684 1517 755 1555 hac
783 1517 830 1554 de
859 1530 899 1555 re
926 1517 1143 1555 communis
1168 1517 1242 1554 vita
1270 1517 1476 1564 dubitavit3

165 1591 202 1622 et
227 1590 363 1634 postea
392 1596 507 1633 quarn
535 1583 777 1633 philosophia
805 1582 1003 1632 processit,
1028 1593 1144 1619 nemo
1173 1582 1278 1619 aliter
1306 1582 1476 1631 philoso-

163 1650 263 1700 phus
284 1649 412 1694 sensit,
427 1649 466 1686 in
486 1660 564 1697 quo
584 1649 703 1686 modo
720 1655 821 1685 esset
833 1648 1047 1685 auctoritas.
1077 1646 1168 1684 Dixi
1184 1647 1231 1684 de
1246 1646 1475 1696 Pythagora,

163 1715 212 1753 de
231 1714 465 1760 Democrito,
489 1713 536 1751 de
557 1713 735 1751 Socrate:
764 1713 898 1762 excepi
920 1713 967 1750 de
987 1713 1151 1762 antiquis
1177 1720 1323 1762 praeter
1343 1713 1476 1751 Xeno-

164 1780 332 1829 phanem
369 1779 589 1816 neminem:
628 1778 784 1815 adiunxi
821 1784 987 1815 veterem
1025 1777 1288 1824 Academiam,
1323 1778 1474 1828 Peripa·
1494 1793 1535 1824 50

164 1845 311 1890 teticos,
334 1843 494 1882 Stoicos.
550 1843 663 1881 Unus
683 1844 856 1881 dissentit
874 1842 1074 1892 Epicurus.
1132 1841 1237 1889 Quid
1256 1845 1371 1881 vero?
1400 1844 1476 1883 hoc

165 1910 321 1959 turpius,
359 1921 476 1959 quam
513 1908 620 1958 quod
657 1908 760 1946 idem
806 1908 950 1946 nullam
988 1909 1106 1946 sensit
1152 1910 1355 1958 gratuitam
1393 1922 1477 1950 esse

164 1975 363 2012 virtutem?

219 2045 257 2079 2.
288 2040 386 2087 Quis
414 2045 470 2078 est
499 2046 625 2077 autem
659 2052 774 2089 quem
803 2052 884 2078 non
912 2047 1063 2078 moveat
1096 2040 1310 2080 clarissimis
1338 2054 1477 2081 monu-

163 2107 301 2145 mentis
320 2112 457 2144 testata
476 2106 778 2155 consignataque
799 2106 1030 2155 antiquitas?
1087 2105 1338 2145 Calchantem
1358 2120 1477 2158 augu-
1494 2117 1534 2148 35

163 2184 246 2210 rem
266 2172 393 2210 scribit
413 2171 610 2209 Homerus
628 2171 744 2220 longe
772 2172 971 2220 optimum,
992 2183 1156 2220 eumque
1183 2171 1320 2211 ducem
1346 2173 1477 2212 classis

163 2237 280 2275 fuisse
310 2237 359 2274 ad
392 2236 517 2282 Ilium,
547 2237 803 2285 auspiciorum
833 2236 948 2274 credo
982 2237 1152 2283 scientia,
1181 2249 1262 2274 non
1289 2238 1476 2277 locorum.

164 2303 445 2353 Amphilochus
465 2308 502 2339 et
522 2302 688 2351 Mopsus
707 2303 937 2351 Argivorum
958 2314 1068 2351 reges
1089 2302 1251 2348 fuerunt,
1273 2303 1341 2341 sed
1360 2304 1477 2342 iidem

164 2380 352 2419 augures:
381 2368 482 2419 iique
501 2367 615 2405 urbes
635 2368 674 2405 in
693 2380 761 2406 ora
786 2368 973 2406 maritima
1001 2366 1156 2408 Ciliciae
1187 2367 1356 2406 Graecas
1384 2380 1477 2407 con-
