1587 2533
125 119 203 150 Sect.
222 117 280 149 iv.
325 115 396 147 AN
421 114 694 147 ARGUMENT
721 111 937 146 AGAINST
962 113 1275 146 PROVIDENCE.
1368 106 1447 164 185

65 222 108 255 60
125 216 165 253 in
202 215 382 254 omnibus
420 214 517 253 fanis
550 220 656 265 pater
688 213 868 252 imberbis
899 219 1010 251 esset.
1068 213 1178 251 Idem
1208 227 1361 254 mensas
1387 228 1446 253 ar-

126 287 285 331 genteas
315 280 362 318 de
391 281 570 318 omnibus
599 279 763 317 delubris
794 279 901 317 iussit
932 279 1079 324 auferri,
1101 281 1140 317 in
1170 281 1310 330 quibus
1339 281 1446 331 quod

123 358 230 384 more
263 345 398 383 veteris
433 343 618 382 Graeciae
647 344 872 393 inscriptum
902 351 1012 390 esset,
1043 357 1230 383 BONORUM
1268 358 1442 392 DEORUM,

122 411 176 448 uti
214 422 254 448 se
292 422 427 448 eorum
474 410 644 447 bonitate
690 408 786 446 velle
834 409 996 447 dicebat.
1054 409 1165 448 Idem
1213 410 1444 449 Victoriolas

92 463 98 469 ’
122 487 255 514 aureas
289 481 325 512 et
354 481 505 524 pateras
537 481 574 512 et
603 485 777 520 coronas,
810 486 908 524 quae
938 475 1228 513 simulacrorum
1256 477 1440 525 porrectis

62 544 100 587 65
120 541 297 578 manibus
328 540 620 585 sustinebantur,
656 539 737 576 sine
771 539 1010 577 dubitatione
1042 541 1209 586 tollebat,
1243 553 1364 590 eaque
1399 554 1441 580 se

121 605 305 655 accipere,
345 617 425 643 non
463 604 607 642 auferre
648 603 810 642 dicebat.
886 603 983 641 Esse
1032 605 1136 642 enim
1175 605 1378 652 stultitiam,
1418 618 1441 644 a

121 672 259 720 quibus
291 672 396 709 bona
431 681 684 720 precaremur,
716 669 766 706 ab
803 669 848 706 iis
879 670 1161 718 porrigentibus
1191 678 1227 709 et
1261 671 1439 710 dantibus

119 737 222 775 nolle
255 749 416 775 sumere.
471 735 741 785 Eumdemque
775 734 901 772 ferunt
921 735 1015 773 haec
1050 737 1191 782 omnia,
1215 749 1314 786 quae
1349 737 1438 784 dixi,

119 802 268 840 sublata
305 802 353 840 de
389 800 487 838 fanis
524 800 564 837 in
602 800 728 837 forum
765 800 966 849 protulisse
1012 807 1049 838 et
1092 814 1161 850 per
1205 814 1438 851 praeconem

61 879 102 914 70
118 867 356 905 vendidisse:
385 872 596 916 exactaque
623 865 788 914 pecunia
816 865 993 911 edixisse,
1015 872 1067 911 ut,
1090 866 1196 916 quod
1225 868 1386 917 quisque
1416 881 1438 905 a

119 932 234 969 sacris
271 931 438 977 haberet,
477 930 516 968 id
553 937 641 967 ante
680 930 782 967 diem
821 935 964 967 certam
1012 930 1052 967 in
1095 943 1206 968 suum
1254 933 1437 981 quodque

117 995 250 1033 fanum
287 988 475 1033 referret(
506 994 567 1032 Ita
604 994 653 1032 ad
690 993 927 1043 impietatem
970 994 1010 1032 in
1048 994 1142 1032 deos
1181 994 1221 1032 in
1259 995 1436 1034 homines

117 1060 290 1098 adiunxit
308 1060 494 1098 iniuriam.

170 1129 210 1163 4.
240 1124 358 1163 Hunc
391 1126 504 1175 igitur
522 1137 595 1163 nec
615 1123 817 1174 Olympius
850 1124 1023 1175 Iuppiter
1057 1125 1215 1164 fulmine
1246 1127 1437 1176 percussit

59 1203 98 1239 75
117 1202 190 1228 nec
231 1190 482 1241 Aesculapius
521 1190 660 1228 misero
700 1190 958 1240 diuturnoque
997 1191 1134 1228 morbo
1173 1192 1437 1229 tabescentem

119 1256 320 1301 interemit,
341 1262 455 1306 atque
473 1256 514 1293 in
541 1267 610 1293 suo
639 1255 778 1293 lectulo
807 1262 979 1293 mortuus
1009 1262 1077 1301 est,
1098 1268 1260 1306 eamque
1290 1263 1436 1306 potest-

120 1326 232 1366 atem,
264 1332 380 1370 quam
417 1321 497 1370 ipse
529 1333 597 1370 per
634 1320 758 1357 scelus
795 1326 874 1357 erat
911 1327 1057 1366 nactus,
1094 1321 1202 1371 quasi
1231 1322 1369 1359 iustam
1399 1328 1436 1359 et

118 1385 339 1435 legitimam,
378 1385 593 1424 hereditatis
631 1386 718 1423 loco
763 1385 839 1422 filio
877 1386 1041 1424 tradidit.
1118 1386 1241 1424 Invita
1282 1387 1321 1424 in
1359 1387 1435 1426 hoc

117 1450 205 1488 loco
251 1457 419 1488 versatur
455 1451 601 1488 oratio:
650 1450 796 1488 videtur
835 1451 937 1488 enim
986 1452 1249 1489 auctoritatem
1297 1453 1436 1491 afferre

57 1515 324 1565 80peCCa11di;
371 1522 409 1554 et
446 1522 546 1554 recte
584 1515 783 1561 videretur,
822 1516 892 1554 nisi
926 1522 963 1554 et
1000 1517 1143 1555 virtutis
1183 1523 1220 1554 et
1257 1518 1434 1556 vitiorum

116 1580 198 1618 sine
234 1580 311 1619 ulla
345 1581 472 1619 divina
508 1575 655 1619 ratione
689 1593 802 1630 grave
835 1580 953 1630 ipsius
988 1583 1245 1620 conscientiae
1279 1583 1433 1632 pondus

114 1651 225 1693 esset,
266 1658 342 1696 qua
379 1646 526 1684 sublata
572 1646 697 1684 iacent
735 1647 875 1684 omnia.
933 1645 987 1684 Ut
1034 1648 1136 1684 enim
1175 1659 1247 1685 nec
1293 1647 1433 1686 domus

114 1722 187 1748 nec
233 1711 446 1760 respublica
492 1712 638 1749 ratione
686 1712 855 1761 quadam
900 1718 938 1749 et
985 1712 1186 1762 disciplina
1234 1712 1434 1762 designata

113 1775 293 1822 videatur,
329 1776 360 1813 si
397 1777 436 1814 in
474 1788 520 1814 ea
557 1789 629 1814 nec
668 1782 770 1813 recte
809 1776 918 1814 factis
957 1777 1127 1826 praemia
1165 1784 1316 1815 exstent
1354 1778 1431 1816 ulla

54 1846 94 1888 85
114 1853 187 1879 nec
233 1842 419 1891 supplicia
463 1842 654 1891 peccatis:
713 1841 767 1879 sic
814 1841 947 1879 mundi
995 1841 1122 1879 divina
1168 1842 1207 1879 in
1254 1842 1432 1881 homines

113 1907 328 1944 moderatio
364 1907 536 1956 profecto
576 1907 679 1944 nulla
715 1913 783 1953 est,
814 1907 845 1944 si
882 1907 922 1943 in
960 1919 1006 1944 ea
1043 1906 1247 1946 discrimen
1284 1909 1433 1947 nullum

114 1977 172 2010 est
190 1972 383 2010 bonorum
403 1978 440 2010 et
458 1972 656 2010 malorum.

168 2041 205 2075 5.
236 2037 289 2074 At
326 2049 620 2088 nonnumquam
665 2038 790 2075 bonos
830 2037 951 2075 exitus
989 2036 1131 2075 habent
1169 2038 1274 2076 boni.
1348 2038 1430 2077 Eos

114 2102 272 2153 quidem
322 2103 509 2152 arrpimus
557 2103 870 2152 attribuimusque
919 2103 1000 2140 sine
1047 2103 1121 2140 ulla
1168 2104 1315 2141 ratione
1358 2104 1430 2142 diis

51 2179 94 2212 90
110 2167 398 2205 immortalibus.
455 2167 506 2205 At
533 2167 734 2217 Diagoras,
764 2179 883 2218 quum
921 2166 1223 2206 Samothraciam
1252 2169 1427 2215 venisset,

110 2231 259 2271 Atheos
292 2232 353 2270 ille
385 2232 448 2282 qui
479 2232 624 2276 dicitur,
647 2240 760 2282 atque
792 2233 826 2269 ei
860 2232 1017 2282 quidam
1050 2234 1206 2279 amicus,
1230 2233 1328 2279 <Tu,
1362 2235 1428 2283 qui

110 2297 204 2336 deos
234 2304 345 2348 putas
380 2297 548 2335 humana
581 2298 785 2347 negligere,
821 2309 950 2335 nonne
985 2298 1253 2336 animadvertis
1286 2311 1333 2336 ex
1371 2305 1428 2337 tot

108 2362 244 2402 tabulis
277 2363 398 2413 pictis,
434 2374 550 2413 quam
581 2363 687 2401 multi
719 2363 816 2400 votis
848 2362 923 2400 vim
956 2364 1191 2414 tempestatis
1225 2364 1429 2414 effugerint

757 2438 781 2466 ο
