1587 2533
139 95 221 145 264
467 102 715 134 EXTRACTS
744 103 804 133 FR
811 103 880 133 OM
907 103 1041 134 czcER
1048 103 1086 135 ο.
1317 107 1394 138 sect.
1411 109 1450 139 v.

137 221 246 246 suam
274 214 499 246 ornamento
528 208 624 245 Urbi
655 207 830 244 futuram.
894 208 1090 257 Syracusis
1118 215 1244 246 autem
1264 212 1452 258 permulta

136 280 249 323 atque
277 274 430 323 egregia
458 273 628 322 reliquit:
666 273 793 309 Deum
822 284 910 309 vero
940 273 1085 309 nullum
1113 273 1274 319 violavit,
1305 276 1450 313 nullum
1472 286 1510 320 75

135 339 265 387 attigit.
326 337 507 376 Conferte
535 337 719 375 Verrem:
758 349 838 374 non
863 344 905 374 ut
941 337 1139 374 hominem
1178 351 1265 375 cum
1295 339 1450 377 homine

135 403 374 452 comparetis,
396 415 444 439 ne
461 414 536 451 qua
551 402 615 439 tali
631 404 710 439 viro
727 408 880 439 mortuo
894 403 958 439 fiat
977 402 1112 439 iniuria
1129 415 1136 439 :
1168 404 1237 440 sed
1256 410 1296 440 ut
1312 417 1450 453 pacem

135 480 223 506 cum
249 467 361 512 bello,
390 467 493 515 leges
523 479 611 503 cum
631 467 676 512 vi,
707 466 832 503 forum
853 473 889 503 et
915 466 1216 503 iurisdictionem
1241 480 1330 505 cum
1349 468 1449 507 ferro

134 538 171 570 et
200 532 325 577 armis,
356 532 563 568 adventum
593 538 629 568 et
660 532 884 569 comitatum
913 543 1002 568 cum
1031 532 1200 569 exercitu
1229 533 1451 575 eta-victoria

135 597 351 634 conferatis.

189 677 224 707 4.
254 662 384 699 Aedes
405 661 603 699 Minervae
625 668 681 699 est
701 662 740 699 in
761 661 905 707 Insula,
929 662 975 699 de
997 674 1072 711 qua
1093 669 1179 700 ante
1201 662 1302 700 dixi:
1335 675 1451 713 quam

133 725 337 764 Marcellus
363 738 442 763 non
472 727 606 775 attigit,
635 739 752 775 quam
772 726 927 775 plenam
948 734 1060 776 atque
1083 734 1256 764 ornatam
1275 727 1450 776 reliquit:

134 804 231 841 quae
251 792 299 828 ab
332 792 403 829 isto
435 792 487 828 sic
515 791 677 840 spoliata
703 797 816 839 atque
844 792 988 840 direpta
1015 799 1081 837 est,
1103 804 1182 828 non
1202 799 1243 829 ut
1262 794 1310 829 ab
1340 792 1450 830 hoste

133 856 272 906 aliquo,
302 856 366 906 qui
396 862 526 893 tamen
555 857 594 893 in
619 856 720 893 bello
744 856 971 904 religionum
1001 864 1037 893 et
1057 857 1344 894 consuetudinis
1370 858 1451 894 iura

131 922 318 967 retineret,
340 921 407 958 sed
427 928 468 958 ut
488 934 510 958 a
530 922 699 958 barbaris
720 921 980 969 praedonibus
1001 928 1136 957 vexata
1163 932 1247 957 esse
1267 920 1448 958 videatur.
1468 921 1508 961 85

132 985 268 1034 Pugna
297 992 376 1022 erat
406 986 590 1035 equestris
620 985 823 1034 Agathocli
854 986 953 1033 regis
983 985 1021 1021 in
1051 984 1187 1022 tabulis
1215 985 1316 1033 picta
1340 997 1450 1033 prae-

131 1050 254 1088 clare:
293 1049 352 1087 his
382 1057 509 1087 autem
550 1050 689 1087 tabulis
718 1050 916 1087 interiores
946 1049 1077 1097 templi
1115 1050 1277 1098 parietes
1314 1049 1449 1086 vestie-

132 1117 279 1152 bantur.
338 1114 442 1151 Nihil
463 1121 541 1152 erat
563 1127 607 1152 ea
627 1115 773 1163 pictura
793 1114 970 1159 nobilius,
992 1114 1083 1150 nihil
1106 1113 1312 1162 Syracusis,
1342 1114 1449 1163 quod

130 1180 254 1229 magis
274 1179 475 1217 visendum
497 1186 701 1228 putaretur.
741 1179 825 1216 Has
846 1179 993 1216 tabulas
1019 1178 1073 1215 M.
1092 1178 1306 1225 Marcellus,
1329 1192 1448 1229 quum

130 1245 261 1282 omnia
289 1245 350 1282 illa
369 1245 524 1282 victoria
550 1258 618 1282 sua
647 1244 808 1294 profana
828 1243 990 1289 fecisset,
1017 1250 1147 1280 tamen
1167 1244 1350 1293 religione
1378 1245 1448 1282 im·
1465 1260 1508 1294 90

129 1310 280 1359 peditus
306 1321 386 1347 non
412 1311 555 1359 attigit:
594 1310 674 1355 iste,
696 1321 815 1358 quum
845 1309 906 1345 illa
931 1309 1018 1353 iam,
1047 1315 1204 1358 propter
1231 1309 1447 1347 diuturnam

131 1387 267 1424 pacem
298 1375 596 1424 fidelitatemque
625 1375 759 1424 populi
790 1373 1018 1423 Syracusani
1048 1386 1155 1410 sacra
1191 1374 1446 1423 religiosaque

130 1441 348 1489 accepisset,
387 1451 523 1477 omnes
558 1452 622 1477 eas
661 1440 809 1476 tabulas
848 1439 1020 1476 abstulit:
1069 1440 1242 1487 parietes,
1282 1452 1446 1488 quorum

130 1514 285 1543 ornatus
312 1512 368 1543 tot
396 1505 547 1542 saecula
576 1511 780 1549 manserat,
810 1510 865 1541 tot
891 1504 990 1541 bella
1019 1504 1215 1553 effugerat,
1246 1505 1373 1542 nudos
1400 1517 1447 1544 ac

131 1570 364 1608 deformatos
383 1571 544 1620 reliquit.
586 1570 634 1607 Et
655 1569 870 1615 Marcellus,
892 1570 967 1618 qui,
990 1569 1020 1606 si
1042 1569 1249 1618 Syracusas
1271 1571 1446 1619 cepisset,
1465 1584 1505 1618 95

132 1637 208 1673 duo
237 1636 380 1685 templa
410 1648 449 1673 se
487 1637 638 1673 Romae
668 1635 930 1672 dedicaturum
959 1642 1122 1680 voverat,
1157 1635 1205 1679 id,
1237 1636 1342 1684 quod
1368 1642 1445 1673 erat

132 1701 407 1743 aedificaturus,
428 1701 486 1738 his
506 1702 617 1738 rebus
640 1712 786 1745 ornare,
808 1712 904 1749 quas
934 1707 1095 1749 ceperat,
1118 1700 1263 1737 noluit:
1293 1700 1444 1746 Verres,

131 1767 195 1815 qui
216 1778 295 1803 non
316 1765 469 1803 Honori
489 1778 614 1814 neque
635 1765 784 1810 Virtuti,
804 1772 846 1802 ut
865 1766 936 1810 ille,
959 1765 1026 1802 sed
1046 1765 1187 1802 Veneri
1208 1772 1244 1802 et
1265 1765 1446 1815 Cupidini

131 1838 219 1868 vota
239 1831 403 1875 deberet,
425 1831 456 1868 is
477 1830 673 1868 Minervae
693 1831 879 1879 templum
900 1831 1063 1879 spoliare
1084 1838 1245 1868 conatus
1266 1838 1331 1868 est.
1377 1831 1445 1869 Ille

132 1897 226 1933 deos
249 1897 407 1933 deorum
429 1896 560 1945 spoliis
581 1908 716 1933 ornare
737 1896 857 1932 noluit
875 1908 881 1932 :
911 1896 972 1933 hic
1002 1903 1228 1934 ornamenta
1249 1896 1444 1934 Minervae
1468 1906 1527 1930 100

131 1961 284 2009 virginis
313 1961 351 1997 in
381 1961 632 1998 meretriciam
663 1961 822 1998 domum
851 1961 998 1998 tratulit.
1059 1961 1215 2010 Septem
1249 1968 1286 1998 et
1314 1961 1444 2010 viginti

132 2030 328 2072 praeterea
347 2023 494 2060 tabulas
515 2023 765 2072 pulcherrime
785 2023 905 2072 pictas
926 2035 972 2060 ex
1000 2023 1135 2060 eadem
1156 2024 1250 2061 aede
1271 2024 1442 2061 sustulit:

131 2089 170 2124 in
191 2089 328 2137 quibus
348 2095 454 2125 erant
473 2089 659 2137 imagines
681 2089 828 2125 Siciliae
849 2100 982 2137 regum
1002 2100 1046 2125 ac
1066 2095 1324 2137 tyrannorum,
1346 2101 1444 2138 quae

131 2165 211 2190 non
241 2153 366 2190 solum
395 2153 584 2202 pictorum
614 2153 771 2190 artificio
811 2153 1060 2198 delectabant,
1092 2154 1160 2190 sed
1189 2154 1302 2190 etiam
1337 2166 1443 2191 com-

131 2217 408 2254 memoratione
427 2216 627 2253 hominum
655 2225 692 2254 et
713 2218 933 2266 cognitione
953 2217 1171 2254 formarum.
1229 2218 1288 2255 Ac
1308 2218 1443 2264 videte,
1466 2226 1524 2258 105

131 2289 274 2331 quanto
303 2282 457 2319 taetrior
485 2281 545 2319 hie
566 2289 746 2330 tyrannus
777 2283 1022 2332 Syracusanis
1049 2283 1170 2328 fuerit,
1199 2295 1315 2332 quam
1341 2283 1443 2332 quis-

130 2359 246 2397 quam
269 2347 529 2397 superiorum:
564 2359 682 2396 quum
711 2348 762 2384 illi
781 2354 910 2385 tamen
929 2349 1099 2385 ornarint
1119 2349 1262 2399 templa
1283 2349 1441 2386 deorum

1469 587 1511 617 80
