1587 2533
192 119 238 151 11.
268 126 303 158 3.
420 111 595 149 ROME’S
624 117 748 148 RULE
781 118 838 148 OF
868 117 962 148 HER
995 118 1275 150 PROVINCES.
1431 125 1511 168 233

188 219 406 267 navigasset
425 218 633 266 omniaque
653 216 847 255 habuisset
868 218 1049 266 aequiora
1069 224 1106 255 et
1126 217 1372 267 placabiliora
1394 231 1507 268 quarn

186 284 356 321 animum
378 283 564 332 praetoris
585 289 697 332 atque
718 282 889 331 hospitis,
908 295 986 320 rem
1009 283 1057 320 ad
1080 284 1226 321 amicos
1247 295 1337 320 suos
1359 283 1508 322 detulit:

185 360 296 398 quae,
316 355 356 386 ut
376 355 456 386 erat
475 348 612 386 acerba
631 353 744 397 atque
765 348 934 396 indigna,
957 348 1011 385 sic
1031 348 1228 385 videbatur
1248 349 1438 386 omnibus.

240 414 275 451 6.
305 413 441 463 Itaque
469 413 508 450 in
540 419 674 451 senatu
703 413 887 450 continuo
918 413 990 451 Cn.
1014 414 1198 451 Lentulus
1228 420 1264 451 et
1293 413 1336 451 L.
1359 413 1505 453 Gellius

181 479 360 517 consules
387 478 530 516 faciunt
559 478 807 524 mentionem,
829 478 980 527 placere
1008 479 1132 525 statui,
1154 479 1185 517 si
1211 479 1381 528 patribus
1411 492 1504 518 con-

180 544 330 594 scriptis
368 544 567 589 videretur,
600 555 650 581 NE
688 556 875 581 ABSENTES
913 557 1081 583 HOMINES
1119 557 1159 582 1N
1197 557 1406 583 PRolecnS
1438 557 1502 583 RE1

179 622 344 649 FIE‘RENT
369 622 503 648 RERUM
528 622 788 648 CAPITALIUMt
819 623 976 647 causam
1004 611 1149 649 Sthenii
1179 618 1310 657 totam,
1331 619 1367 649 et
1394 612 1500 650 istius

178 675 438 713 crudelitatem
468 681 505 713 et
531 675 767 724 iniquitatem
796 682 971 712 senatum
998 676 1147 714 docent.
1205 676 1349 714 Aderat
1375 677 1414 714 in
1441 689 1499 715 se-

97 754 158 787 140
176 748 267 778 natu
287 740 439 787 Verres,
459 746 566 789 pater
587 741 705 787 istius,
727 746 764 777 et
783 740 880 778 flens
909 753 1030 778 unurn
1056 753 1249 791 quemque
1280 748 1498 780 senatorem

174 807 346 857 rogabat,
373 812 414 843 ut
442 806 520 844 filio
549 818 620 843 suo
650 812 843 855 parceret3
878 818 1003 855 neque
1033 812 1163 843 tamen
1193 807 1353 844 multum
1383 808 1496 857 profi-

175 871 321 910 ciebat:
342 878 421 909 erat
441 871 543 908 enim
563 883 714 908 summa
729 871 904 908 voluntas
920 878 1083 909 senatus.
1133 871 1268 921 Itaque
1285 873 1496 911 sententiae

174 937 407 979 dicebantur,
437 948 547 979 QUUM
585 948 770 974 STHENmS
808 948 944 974 ABSENS
976 948 1073 975 REUS
1111 949 1255 975 FACTUS
1293 950 1415 985 ESSET,
1445 951 1495 976 DE

172 1013 341 1040 ABSENTE
387 1014 564 1040 IunrcmM
614 1013 777 1039 NULLUM
825 1014 928 1039 FIERI
971 1014 1153 1048 PLACERE,
1201 1015 1262 1049 ET,
1310 1016 1342 1041 SI
1389 1016 1493 1047 Quor)

91 1079 151 1112 145
170 1079 283 1104 ESSET
330 1079 498 1112 FACTUM,
544 1079 584 1104 ID
630 1078 768 1103 RATUM
815 1078 902 1104 ESSE
947 1079 1026 1105 NON
1072 1079 1253 1106 PLACERE.
1325 1068 1384 1106 Eo
1432 1069 1492 1107 die

168 1132 327 1182 transigi
357 1132 449 1168 nihil
477 1131 611 1181 potuit,
634 1132 740 1181 quod
769 1137 805 1169 et
833 1131 872 1168 id
901 1132 1086 1181 temporis
1116 1140 1205 1179 erat,
1227 1139 1264 1171 et
1293 1133 1363 1180 ille,
1385 1141 1492 1183 pater

168 1198 286 1243 istius,
308 1198 503 1252 invenerat
529 1197 717 1242 homines,
739 1198 803 1246 qui
833 1197 998 1235 dicendo
1027 1204 1180 1247 tempus
1208 1207 1489 1238 consumerent.

167 1262 308 1300 Postea
329 1275 447 1300 senex
462 1260 603 1300 Verres
625 1262 846 1300 defensores
867 1269 980 1312 atque
1001 1263 1172 1313 hospites
1189 1276 1324 1302 omnes
1343 1265 1488 1303 Sthenii

166 1328 366 1366 convenit:
397 1335 507 1377 rogat
533 1340 601 1366 eos
628 1335 741 1377 atque
769 1336 863 1372 orat,
884 1341 933 1366 ne
957 1336 1185 1379 oppugnent
1212 1331 1329 1367 filiurn
1354 1344 1486 1372 Suum:

86 1403 147 1436 ¹50
166 1393 213 1430 de
236 1392 394 1430 Sthenio
416 1405 464 1430 ne
485 1393 682 1431 laborent:
709 1393 909 1430 confirmat
928 1393 998 1440 his,
1020 1401 1238 1432 curaturum
1261 1408 1300 1433 se
1321 1409 1416 1444 esse,
1437 1410 1486 1435 ne

163 1458 254 1508 quid
275 1459 308 1496 ei
328 1470 396 1508 per
417 1458 534 1495 filium
556 1454 668 1496 Suum
693 1465 898 1497 noceatur:
928 1472 968 1497 se
988 1459 1166 1498 homines
1187 1468 1311 1499 certos
1332 1463 1413 1500 eius
1433 1464 1485 1500 rei

162 1535 278 1562 causa
304 1525 343 1562 in
369 1524 537 1562 Siciliam
566 1531 604 1562 et
632 1531 731 1562 terra
760 1531 797 1562 et
824 1525 918 1562 mari
948 1537 1032 1562 esse
1056 1527 1274 1564 missurum.
1328 1527 1378 1566 Et
1405 1536 1485 1566 erat

161 1590 326 1639 spatium
353 1590 501 1627 dierum
529 1590 608 1627 sere
632 1590 786 1639 triginta
812 1597 899 1627 ante
926 1590 1124 1629 Kalendas
1144 1591 1375 1631 Decembr.:
1404 1606 1482 1643 quo

156 1655 222 1693 -die
242 1657 310 1694 iste
330 1663 371 1694 ut
393 1656 588 1706 Syracusis
606 1655 785 1694 Sthenius
806 1657 957 1694 adesset
973 1657 1127 1695 dixerat.
1179 1658 1483 1698 Commoventur

82 1729 140 1763 155
159 1721 270 1759 amici
294 1720 451 1768 Sthenii,
473 1728 628 1771 sperant
648 1721 739 1768 fore,
760 1728 802 1759 ut
828 1723 946 1771 patris
972 1723 1103 1760 litteris
1132 1724 1353 1773 nuntiisque
1384 1725 1480 1763 filius

157 1787 206 1823 ab
226 1786 290 1824 illo
312 1787 438 1825 surore
458 1794 665 1825 revocetur.
723 1787 770 1824 In
791 1794 926 1825 senatu
947 1795 1081 1837 postea
1101 1801 1217 1826 causa
1237 1802 1316 1827 non
1343 1792 1476 1840 agitur.

156 1850 328 1889 Veniunt
347 1852 395 1889 ad
415 1853 528 1890 istum
545 1842 1478 1904 domesticffistssmffiffisfiii?a”13ffieaffffi1ffi

156 1925 244 1956 ante
265 1918 462 1957 Kalendas
488 1919 704 1964 Decembr„
727 1931 846 1968 quum
866 1918 927 1956 isti
949 1921 1062 1956 etiam
1083 1927 1164 1957 turn
1189 1921 1235 1958 de
1258 1922 1416 1962 Sthenio
1436 1925 1475 1962 in

155 1983 305 2033 integro
334 1990 414 2022 tota
443 1996 502 2021 res
531 1990 656 2021 esset:
686 1984 901 2033 eodemque
928 1985 962 2021 ei
992 1991 1162 2034 tempore
1193 1986 1240 2023 de
1270 1989 1406 2026 eadem
1435 2003 1474 2028 re

76 2052 135 2084 160
153 2048 296 2086 litterae
326 2048 542 2098 complures
570 2060 592 2086 a
621 2048 749 2086 multis
777 2049 858 2086 eius
888 2049 1021 2086 amicis
1050 2061 1095 2087 ac
1123 2054 1347 2091 necessariis
1381 2055 1473 2093 affe-

104 429 163 461 135

148 2120 291 2151 runtur.

205 2186 238 2226 7.
271 2177 349 2216 Hic
379 2179 460 2224 iste,
491 2179 555 2229 qui
585 2190 676 2228 prae
706 2178 913 2228 cupiditate
948 2192 1074 2230 neque
1103 2181 1218 2219 officii
1257 2183 1314 2220 sui
1343 2196 1468 2233 neque

146 2243 303 2293 periculi
324 2256 450 2292 neque
477 2245 627 2293 pietatis
653 2256 779 2293 neque
800 2244 1044 2283 humanitatis
1064 2247 1251 2285 rationem
1272 2248 1467 2287 habuisset

144 2320 340 2358 umquam,
361 2321 486 2358 neque
514 2309 554 2346 in
581 2321 628 2346 eo
658 2309 761 2358 quod
790 2311 1019 2347 monebatur
1047 2313 1311 2350 auctoritatem
1337 2316 1464 2363 patris,

67 2377 122 2419 165
143 2386 215 2413 nec
236 2375 275 2411 in
295 2385 342 2412 eo
364 2374 468 2424 quod
489 2375 696 2424 rogabatur
716 2374 948 2413 voluntatem
977 2378 1290 2427 anteponendam
1321 2380 1464 2428 putavit
