1587 2533
110 114 192 143 220
464 108 618 139 EXTRA
626 108 708 139 CTS
737 109 797 139 FR
804 109 873 138 OM
900 108 1081 139 CICERO.
1288 107 1365 138 Sect.
1387 104 1427 138 VL

110 211 224 248 etiam
245 209 488 246 acerbitatem
508 215 663 246 naturae
692 208 909 257 adiungere.
967 207 1096 253 Quare
1126 206 1217 244 illud
1242 218 1321 243 non
1342 217 1424 242 sus·
1442 210 1506 243 425

111 275 262 323 cipiam,
302 280 353 318 ut,
393 285 492 321 quae
531 274 578 310 de
619 273 814 310 iracundia
852 273 926 310 dici
970 272 1093 309 solent
1130 284 1153 308 a
1196 270 1425 309 doctissimis

111 339 342 383 hominibus,
372 350 417 375 ea
445 350 547 375 nunc
575 337 641 374 tibi
670 349 874 386 exponam,
904 349 1022 386 quum
1061 342 1098 374 et
1134 336 1248 373 nimis
1285 335 1426 382 longus

112 415 196 440 esse
227 403 347 440 nolim
375 408 412 439 et
437 414 485 439 ex
510 402 716 439 multorum
737 402 883 450 scriptis
911 414 955 438 ea
984 401 1092 438 facile
1122 400 1248 450 possis
1277 409 1425 447 cogno-

112 480 238 505 scere:
279 467 381 512 illud,
411 467 518 514 quod
556 473 613 504 est
651 467 833 516 epistolae
868 467 1075 516 proprium,
1104 473 1144 502 ut
1172 466 1203 502 is
1232 464 1281 501 ad
1309 476 1425 513 quem

113 533 287 569 scribitur
325 531 372 568 de
410 532 455 568 iis
492 531 606 569 rebus
645 543 740 581 quas
781 532 932 581 ignorat
975 531 1111 568 certior
1148 530 1222 575 fiat,
1261 535 1425 578 praeter·
1442 537 1507 570 430

113 597 340 634 mittendum
361 609 442 633 esse
463 608 543 634 non
563 602 671 645 puto.
731 596 792 634 Sic
813 597 861 634 ad
881 608 953 634 nos
973 607 1109 633 omnes
1129 595 1207 632 fere
1228 593 1425 631 deferunt:

114 662 216 706 nihil,
257 674 375 710 quum
414 661 510 698 absit
548 661 754 707 iracundia,
786 662 910 699 dicere
948 661 1072 698 solent
1115 667 1151 697 te
1190 659 1273 696 fieri
1311 670 1426 707 posse

115 728 327 769 iucundius,
358 728 426 764 sed
459 739 578 776 quum
613 735 648 764 te
682 727 837 764 alicuius
871 727 1095 775 improbitas
1127 724 1427 774 perversitasque

114 792 375 838 commoverit,
397 792 451 829 sic
481 798 517 828 te
546 792 676 829 animo
705 792 861 836 incitari,
884 797 924 828 ut
953 792 999 828 ab
1029 791 1209 827 omnibus
1237 796 1301 826 tua
1331 788 1429 825 desi-

115 858 264 894 deretur
291 857 519 893 humanitas.
577 856 706 902 Quare
734 857 916 905 quoniam
943 856 982 891 in
1010 867 1096 892 eam
1121 854 1309 891 rationem
1332 852 1428 890 vitae
1444 863 1507 897 455

115 934 186 959 nos
216 934 295 958 non
325 929 402 958 tam
432 921 617 969 cupiditas
647 920 837 969 quaedam
865 921 1010 969 gloriae
1039 931 1155 968 quam
1184 930 1243 955 res
1271 919 1354 967 ipsa
1385 930 1429 955 ac

115 987 266 1024 fortuna
295 986 461 1031 deduxit,
491 993 532 1022 ut
562 986 815 1034 sempiternus
846 997 971 1022 sermo
1001 984 1202 1021 hominum
1232 984 1278 1020 de
1317 983 1430 1020 nobis

115 1052 261 1089 futurus
282 1052 341 1093 sit,
363 1062 576 1095 caveamus,
593 1058 778 1099 quantum
793 1050 940 1087 efficere
960 1056 996 1086 et
1009 1050 1193 1098 consequi
1214 1060 1433 1097 possumus,

116 1124 156 1154 ut
185 1129 231 1153 ne
263 1117 368 1165 quod
395 1117 434 1153 in
464 1116 574 1153 nobis
604 1116 754 1163 insigne
783 1116 913 1151 vitium
943 1114 1058 1151 fuisse
1089 1114 1244 1151 dicatur.
1293 1113 1430 1162 Neque

117 1194 189 1230 ego
211 1194 312 1218 nunc
332 1181 407 1218 hoc
429 1180 635 1225 contendo,
657 1180 761 1228 quod
783 1179 942 1216 fortasse
967 1191 1086 1227 quum
1105 1179 1144 1214 in
1171 1179 1277 1215 omni
1297 1186 1431 1215 natura
1447 1182 1512 1214 440

118 1255 197 1284 tum
226 1247 300 1283 iam
330 1247 368 1282 in
389 1253 518 1283 nostra
537 1252 659 1282 aetate
690 1245 836 1282 difficile
864 1250 930 1290 est,
961 1250 1105 1280 mutare
1136 1244 1305 1280 animum
1332 1250 1378 1289 et,
1401 1244 1431 1280 si

119 1312 210 1361 quid
240 1319 296 1348 est
325 1312 475 1360 penitus
504 1311 659 1348 insitum
689 1311 869 1354 moribus,
891 1310 929 1346 id
959 1310 1083 1346 subito
1114 1309 1282 1354 evellere,
1303 1309 1370 1345 sed
1396 1316 1432 1345 te

119 1377 207 1414 illud
228 1376 432 1421 admoneo,
453 1382 505 1421 ut,
528 1377 557 1412 si
584 1375 658 1412 hoc
686 1375 795 1423 plene
816 1375 931 1411 vitare
957 1386 1037 1411 non
1064 1380 1184 1422 potes,
1213 1374 1318 1423 quod
1344 1381 1432 1411 ante

118 1450 326 1490 occupatur
346 1441 495 1478 animus
520 1442 567 1477 ab
595 1441 787 1478 iracundia
817 1452 933 1489 quam
962 1440 1159 1488 providere
1187 1439 1281 1476 ratio
1309 1440 1432 1488 potuit

119 1519 167 1544 ne
197 1512 457 1554 occuparetur,
485 1512 526 1542 ut
554 1513 590 1543 te
620 1513 706 1542 ante
737 1517 937 1553 compares
967 1505 1211 1553 quotidieque
1250 1504 1431 1541 meditere
1448 1509 1511 1542 445
1567 1503 1571 1506 ’

120 1571 371 1609 resistendum
400 1583 482 1608 esse
511 1571 740 1615 iracundiae,
770 1582 965 1619 quumque
994 1582 1039 1607 ea
1067 1570 1232 1611 maxime
1261 1570 1433 1606 animum

120 1645 282 1681 moveat,
312 1646 391 1674 tum
412 1637 477 1673 tibi
507 1649 590 1674 esse
620 1637 906 1685 diligentissime
935 1635 1104 1684 linguam
1135 1635 1432 1672 continendam:

122 1714 218 1751 quae
239 1701 394 1750 quidem
420 1701 511 1737 mihi
531 1702 645 1738 virtus
671 1701 860 1737 interdum
889 1712 968 1737 non
995 1701 1119 1736 minor
1145 1700 1290 1736 videtur
1316 1711 1433 1747 quam

121 1768 282 1804 omnino
303 1779 382 1804 non
403 1767 524 1804 irasci.
582 1766 684 1803 Nam
705 1766 796 1802 illud
817 1772 872 1802 est
898 1777 976 1802 non
997 1764 1121 1802 solum
1142 1765 1343 1813 gravitatis,
1365 1763 1433 1802 sed

121 1844 415 1882 nonnumquam
444 1832 558 1869 etiam
587 1830 829 1871 lentitudinis,
851 1829 1041 1866 moderari
1065 1841 1153 1866 vero
1183 1836 1220 1866 et
1246 1830 1374 1867 animo
1397 1836 1434 1867 et
1451 1841 1516 1873 450

121 1897 293 1942 orationi,
319 1909 437 1946 quum
467 1897 517 1934 sis
545 1896 658 1945 iratis,
689 1902 752 1932 aut
781 1895 896 1932 etiam
923 1901 1048 1931 tacere
1077 1901 1114 1931 et
1143 1901 1269 1932 tenere
1298 1895 1337 1931 in
1365 1907 1435 1932 sua

123 1969 310 2011 potestate
339 1970 488 1999 motum
518 1962 634 1999 animi
662 1967 699 1998 et
728 1961 908 2005 dolorem,
932 1960 1000 1997 etsi
1030 1972 1111 1997 ncn
1150 1966 1207 1997 est
1245 1960 1434 2010 perfectae

68 2032 71 2036 '
123 2027 339 2075 sapientiae,
361 2034 489 2064 tamen
517 2033 574 2064 est
602 2038 682 2063 non
710 2026 912 2063 mediocris
939 2025 1092 2073 ingenii.
1137 2024 1262 2074 Atque
1291 2025 1330 2062 in
1359 2026 1434 2064 hoc

123 2104 264 2141 genere
293 2092 412 2129 multo
437 2100 472 2130 te
502 2105 584 2130 esse
613 2093 689 2128 iam
714 2091 1019 2129 commodiorem
1048 2091 1312 2140 mitioremque
1338 2105 1433 2129 nun-

123 2157 228 2194 tiant.
287 2156 423 2193 Nullae
450 2164 536 2193 tuae
560 2156 859 2193 vehementiores
884 2155 999 2191 animi
1026 2155 1311 2201 concitationes,
1333 2157 1434 2194 nulla
1451 2161 1515 2194 455

123 2222 324 2259 maledicta
362 2222 409 2259 ad
448 2234 530 2267 nos,
570 2222 693 2259 nullae
737 2220 985 2258 contumeliae
1028 2220 1286 2269 perferuntur:
1335 2234 1433 2272 quae

127 2300 245 2337 quum
273 2287 476 2324 abhorrent
499 2299 520 2324 a
542 2287 683 2331 litteris,
705 2287 752 2324 ab
772 2285 1016 2330 humanitate,
1037 2293 1117 2322 tum
1138 2297 1226 2323 vero
1249 2289 1435 2326 contraria

126 2360 215 2391 sunt
243 2353 403 2402 imperio
434 2364 477 2390 ac
507 2351 689 2401 dignitati.
746 2350 849 2388 Nam
875 2351 906 2388 si
934 2350 1190 2399 implacabiles
1219 2351 1436 2391 iracundiae

1563 2021 1587 2256 ΜΨῶ-ἰ-’νι-Ἠῌ-
1572 1970 1587 2009 ...-.“.
1567 1902 1587 1941 *fs
1579 1878 1587 1884 .
1572 1861 1574 1863 ⁴

1556 2407 1581 2533 fladinz&
1563 2384 1587 2398 ξ
1564 2299 1585 2370 -,.ᾱ,.ι
1575 2259 1579 2278 ,,
