1587 2533
149 114 228 146 112
461 108 720 141 EXTRAOTS
751 97 886 139 FROM
916 108 1095 140 CICERO.
1309 110 1387 141 sm.
1403 111 1457 143 111.

144 211 238 249 duas
273 218 394 249 certas
425 210 551 255 habet,
580 208 816 246 Iamidarum
853 219 982 253 unam,
1016 207 1173 245 alteram
1211 206 1458 256 Clytidarum‚

143 276 408 325 haruspicinae
428 274 624 312 nobilitate
645 280 892 323 praestantes.
931 272 979 310 In
1000 271 1107 321 Syria
1122 271 1305 310 Chaldaei
1325 273 1457 321 cogni·
1477 289 1492 320 7
1497 290 1514 321 5

144 342 248 378 tione
271 347 462 378 astrorum
483 338 724 387 sollertiaque
745 337 988 386 ingeniorum
1015 336 1253 373 antecellunt.
1309 335 1460 374 Etruria

144 413 271 443 autem
302 406 350 442 de
381 404 488 442 caelo
519 410 620 441 tacta
648 402 899 440 scientissime
927 401 1211 439 animadvertit:
1247 401 1459 451 eademque

145 471 422 519 interpretatur,
443 468 535 517 quid
555 468 770 516 quibusque
793 466 1016 504 ostendatur
1041 465 1222 502 monstris
1241 472 1354 514 atque
1374 477 1460 515 por-

144 535 270 572 tentis.
327 533 521 580 Quocirca
549 533 649 569 bene
678 530 782 580 apud
810 531 973 568 maiores
1002 538 1157 567 nostros
1186 537 1351 576 senatus,
1378 536 1460 567 tum

145 611 264 648 quum
285 598 446 636 florebat
465 597 679 646 imperium,
701 596 866 633 decrevit
888 602 929 632 ut
958 595 1006 632 de
1035 594 1250 644 principum
1278 593 1362 631 filiis
1391 606 1458 631 sex
1477 600 1517 631 8c

145 663 304 712 singulis
332 662 506 700 Etruriae
534 660 688 711 populis
717 660 757 697 in
784 659 1023 709 disciplinam
1053 659 1300 704 traderentur,
1321 671 1371 696 ne
1399 670 1460 697 ars

144 735 249 766 tanta
286 734 443 776 propter
471 726 696 763 tenuitatem
732 724 932 762 hominum
960 737 983 762 a
1010 723 1202 772 religionis
1240 723 1461 761 auctoritate

145 793 394 830 abduceretur
414 791 464 828 ad
483 789 702 827 mercedem
729 797 843 838 atque
870 797 1081 838 quaestum.
1140 787 1313 836 Phryges
1334 794 1462 824 autem

146 864 182 894 et
202 856 353 894 Pisidae
375 862 410 893 et
431 854 568 892 Cilices
589 860 626 890 et
645 854 818 890 Arabum
837 854 941 891 natio
962 854 1089 890 avium
1120 852 1461 902 significationibus

147 921 353 971 plurimum
386 921 674 969 obtemperant:
713 917 818 968 quod
849 918 952 955 idem
981 917 1193 955 factitatum
1223 917 1263 954 in
1300 915 1461 954 Umbria
1478 925 1519 967 85

147 976 380 1035 accepimus.

199 1054 238 1088 4.
268 1051 327 1087 Ac
360 1049 454 1086 mihi
489 1049 646 1098 quidem
673 1047 848 1085 videntur
876 1060 897 1086 e
925 1047 1021 1086 locis
1050 1059 1206 1097 quoque
1235 1047 1328 1097 ipsis
1357 1046 1422 1097 qui
1439 1058 1464 1085 a

147 1115 363 1164 quibusque
402 1114 675 1159 incolebantur,
722 1113 999 1150 divinationum
1037 1112 1341 1161 opportunitates
1379 1123 1464 1148 esse

148 1180 295 1217 ductae.
353 1179 509 1216 Etenim
529 1177 709 1227 Aegyptii
728 1185 765 1215 et
785 1177 996 1226 Babylonii,
1017 1177 1057 1213 in
1082 1188 1307 1225 camporum
1332 1182 1464 1225 paten-

147 1246 242 1282 tium
275 1245 505 1294 aequoribus
538 1243 763 1288 habitantes,
787 1254 907 1291 quum
937 1255 983 1279 ex
1013 1249 1112 1280 terra
1143 1241 1236 1278 nihil
1268 1242 1463 1286 emineret,
1481 1256 1523 1288 90

149 1309 254 1358 quod
274 1308 589 1357 contemplationi
615 1308 709 1345 caeli
735 1307 886 1344 officere
916 1314 1058 1356 posset,
1080 1318 1238 1344 omnem
1267 1317 1398 1343 curam
1425 1305 1466 1341 in

151 1375 317 1412 siderum
338 1373 557 1422 cognitione
578 1379 789 1423 posuerunt
801 1385 811 1418 ς
841 1371 991 1409 Etrusci
1011 1379 1149 1416 autem,
1163 1370 1268 1420 quod
1282 1369 1466 1418 religione

149 1439 284 1477 imbuti
317 1438 524 1476 studiosius
554 1446 590 1475 et
620 1437 787 1474 crebrius
821 1436 967 1473 hostias
996 1436 1260 1480 immolabant,
1289 1441 1467 1472 extorum

151 1503 364 1553 cognitioni
398 1515 438 1540 se
471 1502 639 1539 maxime
673 1501 921 1539 dediderunt:
962 1500 1143 1549 quodque
1177 1506 1333 1548 propter
1368 1498 1466 1536 aeris

151 1568 440 1607 crassitudinem
460 1568 515 1605 .de
544 1567 649 1604 caelo
679 1566 782 1616 apud
811 1577 878 1603 eos
906 1566 1026 1603 multa
1052 1565 1204 1609 fiebant,
1225 1571 1262 1601 et
1289 1563 1395 1613 quod
1413 1563 1465 1600 ob
1482 1579 1522 1612 95

151 1634 328 1672 eamdem
349 1645 505 1671 causam
526 1632 643 1669 multa
663 1632 842 1669 inusitata
861 1631 999 1680 partim
1030 1643 1052 1668 e
1071 1630 1190 1674 caelo,
1211 1629 1284 1666 alia
1302 1641 1350 1666 ex
1369 1635 1467 1665 terra

152 1700 381 1744 oriebantur,
395 1698 585 1748 quaedam
606 1697 720 1734 etiarn
736 1708 783 1733 ex
802 1696 1004 1733 hominum
1017 1694 1256 1745 pecudumve
1277 1700 1468 1742 conceptu

155 1773 192 1802 et
225 1773 322 1810 satu,
351 1770 615 1813 portentorum
645 1761 947 1800 exercitatissimi
980 1761 1202 1810 interpretes
1229 1759 1467 1797 exstiterunt.

153 1829 331 1876 Quorum
351 1828 507 1878 quidem
524 1828 611 1874 vim,
627 1835 668 1865 ut
689 1834 729 1865 tu
750 1827 850 1864 soles
873 1827 1010 1871 dicere,
1025 1826 1143 1862 verba
1162 1824 1245 1874 ipsa
1260 1824 1468 1873 prudenter

153 1907 175 1931 a
194 1895 403 1931 maioribus
423 1893 549 1943 posita
568 1892 773 1930 declarant.
830 1890 933 1937 Quia
953 1891 1053 1928 enim
1074 1890 1293 1935 ostendunt,
1313 1896 1468 1938 porten-
1489 1907 1550 1930 100

154 1959 260 2004 dunt,
276 1965 504 2005 monstrant,
518 1957 742 2008 praedicunt
755 1969 764 2003 ;
795 1964 956 2001 ostenta,
977 1962 1166 2005 portenta,
1180 1960 1364 1999 monstra,
1379 1965 1468 2003 pro-

154 2024 256 2073 digia
282 2024 469 2062 dicuntur.
527 2024 677 2060 Arabes
706 2029 835 2060 autem
863 2029 901 2059 et
927 2021 1098 2070 Phryges
1126 2027 1164 2058 et
1195 2019 1343 2066 Cilices,
1363 2019 1470 2070 quod

154 2097 267 2138 pastu
287 2088 479 2138 pecudum
499 2089 663 2126 maxime
683 2094 848 2132 utuntur,
869 2098 1029 2135 campos
1049 2093 1085 2123 et
1104 2093 1258 2123 montes
1280 2084 1406 2122 hieme
1432 2091 1471 2122 et

155 2163 296 2192 aestate
317 2161 574 2203 peragrantes,
590 2161 792 2202 propterea
808 2151 953 2189 facilius
974 2159 1109 2188 cantus
1129 2150 1255 2188 avium
1268 2156 1305 2187 et
1322 2149 1470 2188 volatus

155 2227 391 2257 notaverunt.
443 2218 669 2266 Eademque
689 2224 726 2254 et
745 2216 908 2254 Pisidiae
929 2227 1045 2253 causa
1064 2214 1133 2252 fuit
1154 2222 1190 2252 et
1208 2213 1297 2251 huic
1317 2221 1468 2251 nostrae
1492 2231 1548 2262 105

155 2283 350 2320 Umbriae.
408 2282 513 2320 Tum
543 2281 656 2319 Caria
688 2288 780 2326 tota,
799 2280 1079 2329 praecipueque
1109 2278 1340 2323 Telmesses,
1368 2289 1468 2326 quos

157 2354 243 2385 ante
264 2347 353 2393 dixi,
373 2347 479 2397 quod
498 2357 612 2396 agros
631 2345 843 2384 uberrimos
863 2344 1106 2394 maximeque
1126 2342 1266 2380 fertiles
1286 2341 1455 2380 incolunt
