1587 2533
155 129 237 173 270
493 125 739 158 EXTRACTS
767 126 828 157 FR
835 126 904 157 OM
932 126 1067 157 CICER
1074 125 1113 156 Ο.
1334 126 1410 157 Sect.
1427 126 1466 156 V.

210 238 269 265 11.
299 226 433 276 Itaque
459 228 499 264 in
529 227 671 265 curiam
691 227 875 264 venimus.
931 225 1159 263 Honorifice
1187 235 1279 261 sane
1309 236 1467 262 consur-

151 290 275 339 gitur:
305 304 377 329 nos
406 298 543 340 rogatu
571 292 813 340 magistratus
841 291 1065 328 assedimus.
1122 289 1262 337 Incipit
1289 289 1320 326 is
1348 289 1465 338 loqui,

151 356 215 404 qui
236 363 273 393 et
302 357 522 394 auctoritate
549 363 587 394 et
616 363 737 393 aetate
768 362 815 402 et,
835 363 877 393 ut
900 355 992 392 mihi
1019 355 1141 392 visum
1157 361 1224 399 est,
1244 366 1317 390 usu
1339 366 1464 391 rerum
1487 356 1550 387 280

150 423 412 467 antecedebat,
433 421 628 459 Diodorus
649 422 907 459 Timarchidi:
938 421 1045 458 cuius
1070 420 1197 457 omnis
1226 420 1346 457 oratio
1366 419 1465 458 hanc

148 487 280 524 habuit
300 487 423 535 primo
442 487 689 524 sententiam:
710 494 885 524 senatum
905 485 1167 535 populumque
1186 484 1465 533 Syracusanum

150 552 309 589 moleste
329 552 567 600 graviterque
587 551 695 597 ferre,
716 552 822 601 quod
849 563 934 600 ego,
957 562 1078 600 quum
1098 550 1137 587 in
1158 539 1298 587 ceteris
1318 549 1465 587 Siciliae

149 616 360 654 civitatibus
381 623 554 653 senatum
575 616 837 665 populumque
858 616 1089 660 docuissem,
1110 614 1202 663 quid
1221 614 1266 652 iis
1285 614 1462 659 utilitatis,

148 681 239 730 quid
260 681 389 718 salutis
411 681 596 727 afferrem,
620 688 656 718 et
676 693 795 730 quum
817 682 865 718 ab
885 681 1064 718 omnibus
1092 680 1285 725 mandata,
1305 679 1464 728 legatos,
1485 682 1544 721 285

146 745 298 787 litteras,
319 746 614 794 testimoniaque
643 746 901 795 sumpsissem,
923 746 963 782 in
991 745 1054 782 illa
1080 745 1227 782 civitate
1254 744 1345 781 nihil
1364 746 1464 782 eius-

146 811 251 847 modi
272 810 448 848 facerem.
508 811 722 860 Respondi,
743 823 868 860 neque
896 810 1046 847 Rornae
1075 810 1114 846 in
1135 816 1327 847 conventu
1357 810 1463 847 Sicu-

145 875 280 920 lorum,
302 888 419 924 quum
449 889 471 913 a
499 889 562 913 me
590 877 772 913 auxilium
802 875 998 913 communi
1027 875 1200 912 omnium
1226 875 1462 924 legationum

145 938 306 975 consilio
327 940 533 987 petebatur,
556 951 747 987 causaque
767 939 882 976 totius
909 938 1126 987 provinciae
1153 937 1202 974 ad
1228 950 1290 974 me
1319 937 1464 975 defere-

143 1004 264 1048 batur,
289 1003 436 1052 legatos
468 1004 795 1053 Syracusanorum
826 1003 991 1048 affuisse,
1011 1015 1136 1052 neque
1164 1014 1227 1040 me
1256 1003 1461 1052 postulare,
1483 1008 1544 1041 ²90

144 1074 186 1104 ut
213 1068 424 1116 quidquam
451 1076 584 1105 contra
613 1067 656 1106 C.
680 1068 841 1105 Verrem
863 1068 1128 1105 decerneretur
1148 1068 1187 1104 in
1213 1079 1259 1105 ea
1287 1068 1401 1113 curia,
1422 1068 1461 1105 in

143 1145 219 1182 qua
247 1134 458 1170 inauratam
488 1133 530 1171 C.
561 1134 690 1171 Verris
728 1140 892 1171 statuam
920 1133 1099 1170 viderem.
1156 1133 1275 1179 Quod
1309 1141 1461 1183 postea-

143 1210 258 1247 quam
279 1199 368 1244 dixi,
389 1205 516 1236 tantus
537 1206 593 1236 est
622 1199 785 1247 gemitus
806 1199 928 1235 factus
958 1204 1116 1246 aspectu
1136 1203 1280 1236 statuae
1300 1206 1336 1236 et
1355 1211 1461 1236 com-

142 1264 430 1309 memoratione,
453 1271 493 1302 ut
520 1264 611 1301 illud
636 1265 675 1301 in
702 1264 804 1301 curia
831 1264 1000 1313 positum
1027 1270 1321 1301 monumentum
1341 1264 1459 1302 scele-

141 1342 237 1374 rum,
268 1341 348 1367 non
386 1331 662 1368 beneficiorum
700 1330 898 1367 videretur.
957 1330 1061 1367 Tum
1099 1341 1168 1379 pro
1207 1341 1248 1367 se
1286 1330 1459 1379 quisque,
1479 1343 1538 1377 ²95

141 1402 328 1443 quantum
352 1395 517 1432 dicendo
541 1396 691 1444 assequi
717 1402 875 1444 poterat,
897 1395 1036 1433 docere
1062 1407 1123 1432 me
1145 1396 1271 1444 coepit
1296 1407 1342 1432 ea
1361 1408 1459 1445 quae

141 1460 268 1509 paullo
298 1467 385 1496 ante
415 1460 738 1497 commemoravi:
769 1460 971 1509 spoliatam
1000 1461 1146 1505 urbem,
1171 1460 1260 1497 fana
1289 1460 1457 1510 direpta:

140 1525 188 1562 de
219 1524 387 1562 Heraclii
415 1525 635 1570 hereditate,
657 1537 772 1573 quam
801 1525 1024 1574 palaestritis
1049 1526 1314 1571 concessisset,
1335 1526 1456 1564 multo

139 1590 347 1626 maximam
385 1596 532 1638 partem
574 1590 701 1639 ipsum
746 1590 970 1628 abstulisse:
1017 1602 1142 1639 neque
1183 1591 1457 1639 postulandum

139 1654 267 1700 fuisse,
299 1661 340 1691 ut
376 1655 437 1692 ille
468 1655 701 1704 palaestritas
739 1655 919 1704 diligeret,
958 1656 1023 1704 qui
1061 1656 1174 1693 etiarn
1219 1656 1456 1694 inventorem
1475 1666 1538 1698 300

140 1719 212 1756 olei
242 1719 357 1756 deum
386 1719 618 1757 sustulisset:
647 1732 772 1768 neque
801 1721 902 1757 illam
925 1727 1087 1758 statuam
1111 1733 1196 1758 esse
1220 1733 1267 1758 ex
1292 1722 1457 1770 pecunia

139 1784 291 1833 publica
306 1797 431 1834 neque
451 1785 602 1834 publice
623 1784 772 1822 datam:
803 1785 871 1822 sed
891 1797 969 1831 eos,
991 1786 1055 1834 qui
1081 1785 1299 1823 hereditatis
1326 1786 1455 1835 diripi-

139 1849 260 1886 endae
282 1850 486 1900 participes
507 1850 677 1895 fuissent,
699 1849 914 1887 faciendam
939 1851 1256 1899 statuendamque
1275 1863 1453 1890 curasse:

139 1915 300 1951 eosdem
331 1914 482 1952 Romae
515 1914 629 1952 fuisse
657 1914 815 1965 legatos,
845 1914 941 1952 illius
969 1915 1159 1953 adiutores
1187 1916 1453 1965 improbitatis,

139 1979 267 2016 socios
296 1979 491 2025 furtorum,
513 1979 690 2017 conscios
720 1979 970 2028 flagitiorum:
1000 1992 1047 2017 eo
1076 1981 1203 2017 minus
1231 1981 1357 2018 mirari
1390 1994 1453 2020 me
1472 1989 1533 2021 305

139 2050 326 2091 oportere,
344 2045 374 2082 si
394 2045 444 2081 illi
465 2045 662 2082 communi
681 2044 894 2093 legatorum
914 2044 1098 2082 voluntati
1117 2053 1154 2083 et
1174 2045 1283 2083 saluti
1305 2046 1452 2086 Siciliae

140 2108 359 2145 defuissent.

198 2186 256 2211 12.
285 2173 362 2210 Ubi
386 2185 517 2210 eorum
543 2173 717 2211 dolorem
743 2186 790 2211 ex
816 2174 921 2211 istius
946 2175 1090 2213 iniuriis
1120 2187 1200 2213 non
1225 2176 1344 2214 modo
1370 2189 1451 2216 non

138 2238 339 2283 minorem,
369 2238 438 2275 sed
466 2249 587 2287 prope
617 2240 815 2284 maiorem,
843 2251 959 2288 quam
992 2249 1204 2279 ceterorum
1236 2242 1450 2281 Siculorum

138 2315 222 2341 esse
260 2303 446 2352 cognovi:
488 2310 568 2340 tum
596 2315 670 2352 ego
707 2316 838 2341 meum
875 2305 1045 2343 animum
1073 2307 1112 2343 in
1139 2307 1234 2353 illos,
1264 2314 1345 2345 tum
1373 2310 1450 2347 mei
1468 2322 1530 2354 310

138 2368 284 2406 consilii
311 2369 531 2418 negotiique
557 2369 672 2406 totius
702 2370 866 2419 suscepti
893 2382 1047 2408 causam
1076 2372 1340 2423 rationemque
1359 2386 1449 2423 pro-
