1587 2533
116 124 212 165 Chap.
233 125 289 157 VI.
512 123 669 155 OMENS
697 123 797 154 AND
828 123 950 153 DREA
957 123 1031 155 MS.
1350 127 1368 155 1
1378 127 1426 167 27

57 232 98 268 55
172 229 208 264 7.
241 224 317 262 Sed
343 225 538 263 veniamus
571 238 684 270 nunc,
705 226 736 263 si
765 225 900 274 placet,
921 224 969 262 ad
1001 223 1151 262 somnia
1179 222 1429 273 philosopho-

117 301 211 326 rum.
269 289 339 327 Est
369 291 472 339 apud
492 290 690 327 Platonem
721 289 909 334 Socrates,
931 301 1050 338 quum
1077 294 1178 325 esset
1197 289 1236 325 in
1258 288 1430 325 custodia

116 355 278 403 publica,
299 355 431 392 dicens
459 354 616 400 Critoni,
639 367 708 393 suo
741 354 924 399 familiari,
945 354 1015 390 sibi
1042 360 1130 402 post
1148 353 1300 390 tertium
1328 353 1428 390 diem

114 431 197 456 esse
216 420 480 457 moriendum:
510 420 647 457 vidisse
675 431 714 456 se
744 419 784 456 in
813 419 960 455 somnis
990 417 1269 467 pulchritudine
1290 418 1428 455 eximia

114 483 308 529 feminam,
347 497 446 534 quae
484 497 524 522 se
562 484 718 521 nomine
758 483 956 533 appellans
995 483 1136 520 diceret
1174 482 1425 520 Homericum

53 556 96 588 8ο
114 550 321 600 quemdam
350 550 538 588 eiusmodi
557 561 707 587 versum
723 561 732 586 :

392 636 503 668 Tertia
519 640 550 667 te
566 635 703 666 Phthiae
720 639 896 677 tempestas
913 635 998 666 laeta
1015 634 1149 666 locabit.

113 715 233 763 Quod
270 722 312 754 ut
350 722 407 753 est
445 716 588 752 dictum
627 715 680 752 Sic
719 714 895 752 scribitur
928 714 1146 762 contigisse.
1205 712 1424 761 Xenophon

114 782 331 820 Socraticus
354 781 435 830 (qui
455 781 509 817 vir
540 787 577 817 et
596 786 761 829 quantus
775 781 800 828 Ι)
832 779 872 816 in
892 791 937 817 ea
956 779 1099 823 militia,
1122 790 1198 827 qua
1218 791 1306 815 cum
1327 777 1426 827 Cyro

113 847 261 885 minore
294 846 514 896 perfunctus
548 852 616 891 est,
637 857 704 882 sua
729 845 859 882 scribit
885 843 1058 889 somnia;
1089 855 1253 892 quorum
1273 850 1428 880 eventus

53 915 92 956 85
113 912 304 950 mirabiles
342 911 575 949 exstiterunt.
642 909 798 947 Mentiri
835 908 1149 957 Xenophontem,
1184 920 1234 945 an
1273 908 1428 945 delirare

111 977 308 1016 dicemus?

167 1047 205 1081 8.
237 1042 372 1089 Quid?
403 1041 582 1090 singulari
602 1041 655 1078 vir
674 1040 830 1089 ingenio
850 1039 1075 1077 Aristoteles
1096 1045 1133 1076 et
1154 1051 1276 1088 paene
1300 1039 1427 1077 divino

112 1109 243 1158 ipsene
271 1113 380 1153 errat,
408 1119 457 1144 an
491 1107 585 1144 alios
616 1107 694 1143 vult
726 1118 861 1152 errare,
886 1117 1006 1154 quum
1040 1105 1180 1149 scribit,
1209 1105 1426 1142 Eudemum

112 1173 306 1223 Cyprium,
334 1172 557 1210 familiarem
592 1183 716 1218 suum,
745 1172 815 1208 iter
842 1172 881 1208 in
915 1170 1189 1208 Macedoniam
1227 1169 1425 1207 facientem

48 1246 92 1278 90
113 1238 256 1276 Pheras
279 1239 453 1283 venisse;
484 1250 581 1287 quae
611 1244 690 1275 erat
710 1238 800 1274 urbs
826 1237 865 1273 in
886 1236 1087 1273 Thessalia
1116 1242 1198 1272 tum
1219 1235 1424 1273 admodum

110 1305 261 1349 nobilis,
282 1305 332 1341 ab
351 1303 572 1341 Alexandro
593 1309 720 1340 autem
744 1309 907 1351 tyranno
932 1301 1073 1339 crudeli
1102 1301 1301 1338 dominatu
1324 1306 1426 1338 tene-

109 1372 241 1408 batur:
275 1369 315 1407 in
346 1381 393 1406 eo
426 1369 538 1417 igitur
571 1368 716 1417 oppido
746 1367 797 1405 ita
825 1367 988 1416 graviter
1016 1378 1173 1416 aegrum
1209 1366 1427 1403 Eudemum

108 1435 236 1481 fuisse,
256 1441 298 1472 ut
317 1446 454 1472 omnes
473 1433 611 1471 medici
632 1433 866 1470 diffiderent:
895 1432 930 1469 ei
945 1432 1067 1469 visum
1085 1433 1123 1468 in
1139 1432 1263 1480 quiete
1277 1431 1429 1480 egregia

110 1501 206 1539 facie
227 1501 402 1538 iuvenem
427 1499 565 1545 dicere,
587 1498 666 1536 fore
697 1505 738 1536 ut
767 1499 939 1548 perbrevi
967 1498 1258 1542 convalesceret,
1279 1497 1429 1545 paucis-

49 1580 90 1613 95
110 1580 184 1617 que
205 1566 340 1604 diebus
360 1565 596 1603 interiturum
621 1564 885 1602 Alexandrum
914 1570 1128 1613 tyrannum,
1149 1563 1276 1611 ipsum
1302 1569 1430 1599 autem

110 1632 329 1670 Eudemum
350 1631 612 1680 quinquennio
632 1637 720 1680 post
741 1630 901 1667 domurn
921 1641 1006 1666 esse
1027 1628 1260 1665 rediturum?
1301 1627 1429 1678 Atque

110 1698 162 1736 ita
181 1697 338 1746 quidem
357 1695 481 1744 prima
500 1695 627 1733 statim
647 1695 773 1733 scribit
793 1694 1017 1732 Aristoteles
1038 1700 1256 1739 consecuta,
1278 1699 1315 1730 et
1335 1705 1427 1730 con-

109 1763 271 1801 valuisse
301 1761 530 1808 Eudemum,
552 1768 589 1800 et
608 1761 656 1798 ab
676 1761 806 1799 uxoris
837 1760 1018 1797 fratribus
1033 1759 1273 1796 interfectum
1301 1765 1429 1808 tyran-

111 1839 230 1873 num;
261 1824 394 1874 quinto
425 1831 552 1861 autem
573 1836 676 1862 anno
709 1830 885 1869 exeunte,
907 1834 1027 1871 quum
1048 1827 1148 1859 esset
1184 1834 1270 1870 spes
1291 1834 1337 1858 ex
1365 1822 1429 1860 illo

31 1905 92 1927 100
111 1891 264 1930 somnio
293 1890 332 1927 in
362 1889 533 1939 Cyprum
561 1889 666 1926 illurn
686 1901 732 1926 ex
755 1888 881 1926 Sicilia
901 1899 984 1925 esse
1005 1887 1224 1932 rediturum,
1241 1887 1430 1935 praelian-

110 1964 189 1996 tem
209 1968 298 1993 eum
318 1955 367 1992 ad
389 1954 594 2004 Syracusas
615 1955 827 1992 occidisse:
858 1965 905 1990 ex
935 1964 1012 2002 quo
1042 1953 1094 1989 ita
1112 1952 1203 1990 illud
1234 1952 1429 1990 somnium

111 2035 195 2061 esse
215 2022 512 2070 interpretatum,
533 2027 584 2066 ut,
606 2032 724 2070 quum
756 2019 906 2056 animus
938 2017 1102 2055 Eudemi
1136 2029 1156 2054 e
1178 2030 1341 2067 corpore
1361 2031 1427 2056 ex-

112 2087 277 2132 cesserit,
299 2093 380 2124 tum
400 2086 559 2123 domurn
579 2084 775 2123 revertisse
795 2083 975 2121 videatur.

166 2159 204 2193 9.
236 2152 506 2201 Adiungamus
537 2150 777 2200 philosophis
808 2149 1071 2187 doctissimum
1100 2149 1310 2195 hominem,
1332 2156 1427 2200 poe·-

32 2225 88 2256 105
111 2228 189 2259 tam
209 2219 367 2269 quidem
394 2217 573 2262 divinum,
595 2215 850 2266 Sophoclem:
881 2216 958 2265 qui,
978 2227 1098 2264 quum
1127 2227 1175 2251 ex
1202 2216 1297 2253 aede
1326 2216 1427 2254 Her-

110 2284 204 2324 culis
223 2291 356 2334 patera
374 2294 486 2320 aurea
505 2281 628 2331 gravis
644 2288 817 2330 surrepta
837 2287 948 2326 esset,
962 2280 1000 2316 in
1020 2280 1167 2318 somnis
1186 2281 1277 2318 vidit
1298 2282 1425 2331 ipsum

109 2353 224 2391 deum
243 2350 445 2397 dicentem,
465 2349 530 2400 qui
556 2348 595 2386 id
618 2347 780 2385 fecisset.
837 2345 956 2393 Quod
980 2345 1097 2384 semel
1123 2345 1184 2383 ille
1210 2346 1424 2397 iterumque
