1587 2533
149 88 227 129 262
459 94 703 126 EXTRACTS
731 95 868 125 FROM
896 95 1029 125 crcER
1036 94 1073 124 o.
1323 97 1401 128 sect.
1421 97 1460 128 v.

146 194 316 240 audierit,
337 205 631 242 nonnumquam
658 193 772 230 etiam
795 192 834 228 in
854 192 1053 229 annalibus
1076 192 1218 240 legerit.
1277 192 1458 231 Conferte

144 259 244 297 hanc
272 271 409 308 pacem
437 271 525 295 curn
553 258 616 294 illo
646 257 756 301 bello,
787 257 896 294 huius
926 257 1109 306 praetoris
1138 257 1341 294 adventum
1369 270 1457 294 cum

144 325 241 362 illius
261 324 500 372 imperatoris
520 323 686 367 victoria,
700 322 810 359 huius
831 322 1028 359 eohortem
1048 322 1238 371 impuram
1254 335 1342 359 curn
1362 323 1457 360 illius

144 390 310 426 exercitu
339 390 490 433 invicto,
520 388 631 424 huius
660 387 835 424 libidines
866 399 953 424 cum
982 387 1078 424 illius
1107 387 1366 425 continentia:
1409 388 1458 425 ab

143 454 205 491 illo
236 455 299 502 qui
330 454 429 502 cepit
458 452 643 497 conditas,
664 453 712 489 ab
741 452 815 490 hoc
844 452 909 501 qui
938 452 1164 489 constitutas
1192 453 1340 501 accepit
1367 465 1456 502 cap-
1480 467 1518 488 10

142 524 199 555 tas
224 518 355 555 dicetis
389 517 605 565 Syracusas.
663 517 721 554 Ac
747 517 823 553 iam
848 518 910 554 illa
936 517 1081 562 omitto,
1109 529 1208 566 quae
1239 517 1407 566 disperse
1435 530 1457 555 a

142 595 204 619 me
234 583 358 619 inultis
388 582 481 619 locis
511 582 682 619 dicentur
710 594 755 619 ac
784 582 883 619 dicta
913 589 1024 619 sunt:
1056 581 1180 618 forum
1203 581 1458 630 Syracusano-

142 659 235 692 rum,
266 648 371 696 quod
400 647 552 683 introitu
583 646 753 683 Marcelli
781 659 919 695 purum
949 647 1066 684 caede
1097 653 1286 684 servatum
1320 653 1387 692 est,
1417 647 1456 684 id

142 711 305 748 adventu
321 711 449 748 Verris
473 711 685 748 Siculorum
711 712 973 748 innocentium
995 712 1180 760 sanguine
1201 711 1455 758 redundasse3

142 784 294 823 portum
323 776 660 825 Syracusanorum,
682 778 746 825 qui
773 783 853 813 tum
873 784 910 814 et
936 778 1074 814 nostris
1095 777 1280 814 classibus
1301 784 1336 814 et
1357 777 1455 814 Kar·
1477 794 1513 826 15

140 840 435 889 thaginiensium
474 841 623 878 clausus
661 841 803 887 fuisset,
843 853 931 878 eum
970 842 1042 878 isto
1080 849 1254 890 praetore
1293 842 1454 880 Cilicum

139 907 366 954 myoparoni
399 906 733 955 praedonibusque
766 907 942 955 patuisse.
1000 906 1112 944 Mitto
1141 907 1349 944 adhibitam
1378 908 1454 944 vim

139 970 326 1019 ingenuis,
347 971 649 1008 matresfamilias
679 971 857 1017 violatas;
889 983 985 1020 quae
1007 978 1086 1008 tum
1106 972 1198 1008 urbe
1219 978 1330 1020 capta
1350 984 1453 1009 com-

139 1036 256 1072 missa
294 1048 373 1073 non
403 1043 491 1073 sunt
529 1049 655 1085 neque
685 1036 776 1073 odio
805 1036 932 1073 hostili
970 1048 1095 1086 neque
1125 1037 1275 1074 licentia
1303 1037 1452 1073 militari

138 1111 263 1149 neque
301 1112 409 1138 more
448 1101 534 1138 belli
582 1113 707 1150 neque
752 1101 831 1138 iure
870 1101 1071 1138 victoriae:
1121 1102 1241 1146 mitto,
1282 1102 1451 1150 inquam,
1472 1123 1513 1145 20

138 1164 234 1202 haec
260 1166 401 1211 omnia,
423 1178 520 1214 quae
551 1166 598 1202 ab
626 1167 699 1202 isto
730 1178 797 1214 per
826 1166 1029 1202 triennium
1057 1166 1225 1214 perfecta
1253 1173 1363 1202 sunt:
1395 1179 1452 1212 ea,

138 1242 236 1278 quae
265 1231 469 1268 coniuncta
497 1243 584 1268 cum
614 1231 683 1267 illis
713 1231 825 1268 rebus
854 1237 952 1277 sunt,
980 1231 1027 1268 de
1056 1231 1194 1279 quibus
1223 1238 1334 1268 antea
1363 1231 1451 1278 dixi,

138 1296 370 1344 cognoscite.

192 1372 227 1396 2.
257 1358 403 1396 Urbem
434 1360 639 1409 Syracusas
676 1362 885 1398 maximam
924 1373 1008 1398 esse
1038 1360 1271 1398 Graecarum
1300 1361 1449 1398 urbium

137 1425 507 1474 pulcherrimamque
537 1427 709 1462 omnium
740 1438 854 1475 saepe
884 1426 1050 1463 audistis.
1106 1425 1185 1471 Est,
1216 1426 1368 1471 iudices,
1397 1427 1449 1463 ita
1469 1440 1507 1472 ²5

136 1497 176 1527 ut
197 1490 331 1527 dicitur
349 1502 356 1526 :
388 1503 478 1526 nam
498 1497 534 1527 et
563 1491 635 1527 situ
655 1498 712 1527 est
732 1503 850 1540 quum
869 1491 1028 1535 munito,
1051 1498 1132 1527 tum
1153 1502 1199 1527 ex
1220 1491 1326 1527 omni
1345 1491 1449 1528 aditu

136 1554 193 1592 vel
223 1561 320 1592 terra
347 1555 405 1592 vel
433 1556 528 1592 mari
556 1555 754 1605 praeclaro
783 1556 832 1592 ad
860 1563 1079 1603 aspectum:
1110 1562 1147 1592 et
1173 1562 1304 1604 portus
1333 1555 1448 1592 habet

136 1631 258 1668 prope
278 1620 317 1656 in
338 1620 600 1657 aedificatione
621 1627 855 1669 aspectuque
876 1621 979 1658 urbis
1007 1619 1175 1657 inclusos
1196 1634 1204 1656 :
1235 1621 1299 1669 qui
1329 1633 1447 1670 quum

136 1686 304 1723 diversos
334 1686 430 1722 inter
459 1697 502 1723 se
532 1685 655 1722 aditus
685 1685 860 1730 habeant,
893 1685 932 1722 in
965 1686 1068 1723 exitu
1098 1686 1381 1733 coniunguntur
1411 1693 1448 1723 et

135 1750 343 1787 confluunt.
399 1750 544 1787 Eorum
571 1751 840 1787 coniunctione
856 1762 942 1798 pars
962 1750 1104 1798 oppidi,
1127 1762 1223 1799 quae
1238 1750 1448 1799 appellatur
1467 1769 1508 1800 30

135 1814 277 1860 Insula,
299 1815 393 1851 mari
423 1815 612 1852 disiuncta
641 1822 817 1863 angusto,
838 1821 957 1863 ponte
987 1826 1136 1851 rursum
1166 1815 1383 1864 adiungitur
1411 1822 1449 1852 et

134 1881 358 1917 continetur.
414 1880 472 1917 Ea
491 1887 596 1917 tanta
615 1887 671 1917 est
701 1880 803 1922 urbs,
824 1886 864 1916 ut
889 1891 936 1916 ex
957 1886 1134 1928 quattuor
1151 1880 1307 1916 urbibus
1326 1881 1447 1917 maxi-

133 1945 205 1982 mis
225 1953 398 1982 constare
425 1946 593 1982 dicatur:
625 1957 784 1994 quarum
810 1956 886 1981 una
915 1951 972 1981 est
991 1957 1038 1981 ea
1058 1956 1174 1993 quam
1194 1944 1272 1981 dixi
1292 1944 1445 1983 Insula:

134 2022 232 2060 quae
265 2010 415 2047 duobus
449 2011 634 2059 portubus
667 2010 801 2054 cincta,
834 2010 872 2045 in
905 2009 1099 2058 utriusque
1133 2016 1266 2057 portus
1305 2010 1445 2047 ostium

133 2077 354 2124 aditumque
384 2077 553 2124 proiecta
583 2083 666 2113 est:
696 2077 734 2112 in
770 2087 846 2124 qua
877 2075 1015 2111 domus
1042 2081 1109 2120 est,
1136 2086 1234 2123 quae
1263 2074 1443 2114 Hieronis
1463 2091 1502 2123 35

132 2142 231 2190 regis
252 2140 331 2186 fuit,
352 2152 426 2189 qua
445 2147 639 2188 praetores
660 2140 713 2177 uti
742 2140 875 2177 solent.
933 2139 979 2175 In
999 2151 1044 2176 ea
1064 2146 1150 2176 sunt
1180 2139 1293 2177 aedes
1314 2152 1443 2178 sacrae

133 2206 357 2255 complures,
380 2205 448 2242 sed
479 2205 575 2242 duae
603 2217 700 2253 quae
730 2205 845 2253 longe
875 2204 1007 2240 ceteris
1036 2204 1274 2249 antecellant,
1295 2204 1443 2243 Dianae

130 2283 217 2316 una,
248 2278 284 2309 et
311 2270 436 2315 altera,
469 2282 566 2319 quae
598 2269 666 2306 fuit
696 2276 782 2306 ante
816 2269 924 2306 istius
954 2268 1159 2305 adventum
1191 2269 1442 2314 ornatissima,

131 2337 340 2374 Minervae.
395 2336 442 2374 In
465 2336 535 2373 hac
563 2335 692 2373 Insula
711 2343 880 2372 extrema
900 2341 955 2373 est
984 2333 1070 2372 fons
1091 2346 1211 2384 aquae
1232 2334 1363 2383 dulcis,
1383 2336 1444 2373 cui
