1587 2533
127 93 169 125 11.
193 102 246 134 13.
363 81 537 124 RoME'S
566 92 692 123 RULE
724 92 782 123 or·
811 91 906 121 HER
943 91 1221 123 PROVINCES.
1369 84 1450 136 265

125 197 406 243 immortalium,
440 197 501 235 hic
540 198 655 235 etiam
693 197 853 235 deorum
892 205 1145 234 monumenta
1184 206 1299 247 atque
1338 209 1450 234 orna-

125 268 258 300 menta
278 263 476 300 sustulerit.

49 344 108 367 110
181 336 215 374 5.
246 328 331 365 Iam
359 340 449 366 vero
478 328 570 377 quid
599 340 672 377 ego
703 328 751 365 de
781 328 895 365 valvis
926 327 1022 365 illius
1052 328 1183 377 templi
1213 339 1450 365 commemo-

125 394 232 430 rem?
288 392 435 430 Vereor
466 406 514 430 ne
549 393 643 430 haec
675 394 740 442 qui
774 405 854 430 non
883 393 1043 430 viderint
1076 393 1208 430 omnia
1241 405 1303 429 me
1336 393 1450 429 nimis

125 470 266 506 augere
283 464 396 507 atque
417 470 552 495 ornare
574 458 801 495 arbitrentur
819 472 826 494 ε
856 458 959 507 quod
975 464 1105 495 tamen
1127 470 1242 495 nemo
1265 458 1449 506 suspicari

126 524 250 570 debet,
280 530 359 561 tam
386 536 469 561 esse
496 536 558 560 me
589 523 784 572 cupidum,
816 530 856 560 ut
884 530 938 560 tot
967 523 1068 560 viros
1098 523 1300 572 primarios
1326 523 1448 566 velim,

126 589 347 638 praesertim
378 601 424 626 ex
456 589 624 626 iudicum
655 600 829 634 numero,
865 588 930 637 qui
966 588 1164 637 Syracusis
1196 588 1345 634 fuerint,
1386 589 1450 637 qui

48 664 106 697 115
125 654 221 692 haec
254 654 424 698 viderint,
457 666 540 691 esse
579 653 780 690 temeritati
820 660 856 690 et
894 653 1098 691 mendacio
1132 665 1220 690 meo
1261 654 1449 691 conscios.

127 719 365 757 Confirmare
386 719 462 756 hoc
488 718 645 768 liquido,
674 718 830 763 iudices,
857 730 1031 767 possum,
1052 718 1178 756 valvas
1202 719 1452 767 magnificen-

126 784 253 829 tiores,
275 797 323 822 ex
343 795 436 821 auro
467 790 578 833 atque
603 784 719 820 ebore
748 783 994 832 perfectiores
1022 783 1144 820 nullas
1168 795 1353 832 umquam
1373 783 1450 821 ullo

125 851 271 899 templo
297 850 424 887 fuisse.
482 849 710 886 Incredibile
732 849 834 886 dictu
862 856 929 892 est,
959 861 1076 897 quam
1103 849 1210 885 multi
1233 848 1373 886 Graeci
1403 849 1451 886 de

126 915 316 952 valvarum
336 914 472 951 harum
491 914 772 963 pulchritudine
795 915 979 963 scriptum
1000 914 1230 962 reliquerint.
1278 914 1452 951 Nimium

47 990 109 1013 120
125 980 283 1018 forsitan
303 980 396 1017 haec
416 980 466 1016 illi
485 979 669 1016 mirentur
690 986 804 1028 atque
822 979 991 1016 efferant.
1041 979 1135 1016 Esto
1151 991 1160 1025 ;
1189 987 1453 1016 verumtamen

126 1045 323 1083 honestius
351 1050 410 1082 est
435 1045 667 1094 reipublicae
693 1051 857 1090 nostrae,
879 1044 1035 1090 iudices,
1057 1056 1114 1089 ea,
1143 1056 1242 1093 quae
1270 1044 1340 1082 illis
1371 1045 1452 1094 pul-

127 1110 218 1148 chra
237 1122 322 1148 esse
342 1109 550 1155 videantur,
571 1109 845 1158 imperatorem
866 1116 1041 1146 nostrum
1061 1109 1100 1145 in
1121 1109 1221 1146 bello
1244 1110 1452 1160 reliquisse,

128 1187 244 1225 quam
264 1181 480 1224 praetorem
500 1174 539 1211 in
559 1187 654 1224 pace
675 1175 886 1213 abstulisse.
945 1174 1004 1211 Ex
1026 1176 1142 1212 ebore
1164 1175 1453 1224 diligentissime

127 1240 296 1290 perfecta
324 1246 550 1289 argumenta
578 1246 686 1277 erant
712 1241 751 1277 in
779 1240 918 1277 valvis:
959 1253 1004 1277 ea
1033 1240 1271 1277 detrahenda
1310 1241 1454 1278 curavit

51 1321 109 1353 125
128 1306 270 1344 omnia.
328 1305 526 1355 Gorgonis
554 1317 597 1342 os
624 1305 932 1355 pulcherrimum,
961 1306 1137 1343 crinitum
1167 1307 1367 1355 anguibus,
1397 1319 1454 1343 re-

129 1372 228 1408 vellit
252 1378 367 1421 atque
395 1371 574 1408 abstulit:
615 1377 652 1408 et
678 1377 808 1408 tamen
838 1371 1027 1416 indicavit,
1058 1383 1097 1408 se
1119 1383 1198 1407 non
1220 1371 1347 1408 solum
1368 1371 1454 1408 arti-

128 1436 228 1483 ficio,
250 1436 319 1473 sed
345 1436 459 1473 etiam
486 1435 608 1484 pretio
635 1441 873 1485 quaestuque
894 1436 993 1474 duci.
1052 1435 1154 1473 Nam
1174 1437 1296 1474 bullas
1322 1449 1455 1474 aureas

129 1513 267 1540 omnes
296 1513 344 1539 ex
372 1500 430 1538 his
460 1501 587 1546 valvis,
619 1513 718 1551 quae
751 1507 859 1538 erant
897 1508 934 1539 et
962 1501 1103 1538 multae
1133 1509 1170 1539 et
1198 1514 1345 1551 graves,
1375 1514 1456 1539 non

130 1565 314 1604 dubitavit
341 1566 513 1604 auferre:
554 1578 715 1615 quarum
745 1567 818 1604 iste
846 1578 926 1603 non
953 1578 1068 1616 opere
1090 1567 1357 1613 delectabatur,
1388 1567 1457 1605 sed

53 1643 114 1674 130
130 1632 314 1682 pondere.
375 1632 511 1682 Itaque
534 1632 724 1669 eiusmodi
746 1632 873 1669 valvas
901 1631 1062 1680 reliquit,
1087 1639 1138 1678 ut,
1169 1644 1268 1681 quae
1289 1633 1381 1669 olim
1407 1632 1457 1669 ad

132 1697 349 1736 ornandum
369 1697 556 1746 templum
577 1704 683 1734 erant
710 1697 888 1742 maxime,
910 1710 1014 1734 nunc
1035 1704 1182 1734 tantum
1207 1698 1256 1735 ad
1277 1697 1456 1735 clauden-

132 1762 226 1800 dum
254 1762 377 1800 factae
405 1774 489 1800 esse
509 1761 718 1800 videantur.
776 1762 954 1799 Etiamne
975 1755 1193 1811 gramineas
1218 1762 1345 1800 hastas
1366 1761 1457 1814 (vidi

132 1828 236 1866 enim
255 1839 323 1865 vos
350 1827 390 1864 in
416 1826 490 1864 hoc
516 1828 686 1872 nomine,
708 1840 828 1877 quum
855 1834 970 1865 testes
999 1828 1180 1873 dicerent,
1210 1828 1455 1873 commoveri,

132 1891 240 1942 quod
259 1898 366 1929 erant
385 1892 586 1938 eiusmodi,
615 1899 656 1930 ut
686 1893 805 1930 semel
826 1893 964 1930 vidisse
993 1894 1082 1930 satis
1103 1899 1204 1930 esset
1221 1906 1228 1930 :
1258 1893 1297 1930 in
1316 1894 1456 1942 quibus

54 1976 113 2007 135
131 1970 258 2007 neque
287 1970 405 1995 manu
426 1956 569 1994 factum
598 1958 822 2007 quidquam,
852 1970 976 2006 neque
1002 1958 1243 2007 pulchritudo
1265 1966 1344 1996 erat
1370 1959 1454 2003 ulla,

133 2023 203 2061 sed
231 2029 379 2060 tantum
409 2023 634 2071 magnitudo
664 2023 903 2068 incredibilis,
935 2022 982 2060 de
1011 2036 1088 2072 qua
1116 2024 1174 2060 vel
1208 2024 1338 2061 audire
1367 2025 1456 2061 satis

134 2094 244 2133 esset,
278 2088 438 2125 nimium
469 2088 595 2126 videre
629 2088 715 2138 plus
752 2100 870 2138 quam
905 2088 1041 2136 semel)
1092 2089 1258 2127 etiamne
1290 2089 1329 2127 id
1363 2102 1454 2127 con-

135 2154 296 2202 cupisti?

192 2219 226 2256 6.
257 2218 360 2256 Nam
392 2218 560 2269 Sappho,
592 2232 690 2270 quae
721 2219 870 2258 sublata
899 2220 946 2257 de
975 2227 1161 2270 prytaneo
1191 2227 1260 2266 est,
1291 2220 1355 2258 dat
1392 2220 1459 2257 tibi

56 2299 118 2332 140
136 2284 274 2322 iustam
306 2286 607 2331 excusationem,
644 2297 768 2335 prope
803 2292 844 2322 ut
875 2278 1170 2323 concedendum
1202 2293 1315 2334 atque
1350 2285 1460 2334 igno-

137 2349 324 2388 scendum
343 2361 428 2388 esse
448 2350 626 2389 videatur,
687 2349 891 2389 Silanionis
913 2363 1011 2402 opus
1034 2357 1112 2390 tam
1133 2350 1357 2401 perfectum,
1381 2358 1460 2388 tam
