1587 2533
90 109 172 152 230
438 101 683 135 EXTRACTS
710 103 848 133 FROM
874 104 1054 137 CICERO.
1165 119 1171 122 ·
1265 106 1342 136 Sect.
1363 104 1403 137 V.

90 204 319 255 aequitatem
346 203 599 254 cognoscatis,
620 202 805 252 oppidum
834 202 1035 241 Himeram
1063 203 1403 253 Karthaginienses
1422 218 1461 248 30

90 269 287 318 quondam
306 275 497 318 ceperant,
519 267 623 317 quod
646 268 768 304 fuerat
793 268 831 304 in
859 269 990 317 primis
1019 268 1166 306 Siciliae
1194 269 1337 306 clarum
1366 274 1404 305 et

90 341 277 371 ornatum.
327 334 466 382 Scipio,
483 333 547 382 qui
562 332 636 369 hoc
653 332 811 380 dignum
832 333 977 381 populo
999 332 1180 370 Romano
1201 333 1404 370 arbitraba-

91 403 161 441 tur,
182 396 282 433 bello
303 395 480 432 confecto
501 395 627 431 socios
649 405 717 430 sua
736 405 803 441 per
829 401 999 431 nostram
1026 394 1222 432 victoriam
1247 406 1405 442 recupe-

91 473 184 506 rare,
200 460 334 498 Siculis
347 460 536 502 omnibus,
546 458 785 507 Karthagine
799 465 919 507 capta,
930 471 1026 508 quae
1041 459 1164 508 potuit
1176 458 1407 496 restituenda

91 525 246 562 curavit.
302 524 464 561 Himera
493 524 628 569 deleta,
649 535 747 572 quos
777 524 876 561 cives
904 524 991 561 belli
1021 524 1214 561 calamitas
1242 524 1406 572 reliquos
1425 537 1463 570 35

91 589 242 631 fecerat,
266 589 291 625 ii
317 601 400 626 sese
425 588 603 627 Thermis
630 591 862 628 collocarant
887 590 925 626 in
952 589 1123 626 eiusdem
1150 588 1230 637 agri
1255 588 1407 634 finibus,

93 665 218 702 neque
246 653 362 702 longe
392 654 440 690 ab
468 654 614 703 oppido
644 656 813 705 antiquo.
870 654 925 691 Hi
959 666 998 691 se
1033 660 1183 703 patrum
1216 652 1409 690 fortunam

92 730 137 756 ac
167 718 389 767 dignitatem
418 731 640 767 recuperare
671 720 958 764 arbitrabantur,
981 731 1099 768 quum
1128 718 1190 755 illa
1217 719 1410 755 maiorum

93 790 318 820 ornamenta
345 784 384 820 in
407 795 540 821 eorum
561 785 704 833 oppido
724 785 1020 823 collocabantur.
1076 783 1196 820 Erant
1224 783 1334 831 signa
1361 795 1408 820 ex

93 859 180 884 aere
208 848 430 897 complura:
469 849 508 885 in
536 849 594 887 his
623 851 719 887 mira
746 849 1026 899 pulchritudine
1056 849 1139 897 ipsa
1168 848 1339 892 Himera,
1369 847 1409 884 in
1427 860 1468 891 40

93 912 316 950 muliebrem
344 913 504 962 figuram
532 913 780 964 habitumque
809 914 983 960 formata,
1010 926 1057 950 ex
1087 913 1219 962 oppidi
1253 912 1410 950 nomine

94 983 130 1014 et
150 977 326 1015 fluminis.
382 978 472 1015 Erat
501 979 614 1015 etiam
645 979 850 1017 Stesichori
880 985 1016 1028 poetae
1046 985 1168 1015 statua
1197 978 1325 1015 senilis
1353 977 1410 1013 in-

95 1053 218 1088 curva,
239 1055 327 1079 cum
352 1042 460 1089 libro,
482 1055 646 1089 summo,
667 1050 709 1081 ut
734 1051 878 1093 putant,
907 1043 1064 1080 artificio
1092 1043 1213 1088 facta;
1249 1043 1313 1091 qui
1343 1042 1412 1079 fuit

95 1105 288 1152 Himerae,
320 1107 386 1144 sed
419 1115 456 1145 et
489 1114 546 1145 est
579 1115 616 1146 et
649 1108 717 1145 fuit
750 1115 830 1145 tota
863 1107 1035 1153 Graecia,
1071 1119 1223 1144 summo
1256 1113 1413 1156 propter

95 1171 293 1220 ingenium
323 1171 468 1210 honore
497 1179 534 1210 et
562 1174 730 1210 nomine.
788 1172 900 1210 Haec
930 1173 999 1209 iste
1028 1172 1077 1209 ad
1106 1172 1294 1209 insaniam
1320 1183 1412 1208 con·
1428 1184 1468 1216 45

95 1236 297 1285 cupiverat.
352 1236 489 1282 Etiam,
525 1238 631 1286 quod
663 1250 786 1286 paene
819 1237 1004 1287 praeterii,
1039 1237 1186 1286 capella
1223 1236 1412 1286 quaedam

96 1307 163 1345 est,
186 1312 232 1337 ea
261 1301 416 1350 quidem
444 1303 549 1347 mire,
570 1309 611 1339 ut
641 1304 753 1340 etiam
783 1314 867 1348 nos,
889 1303 953 1352 qui
982 1302 1094 1339 rudes
1123 1302 1258 1338 harum
1287 1313 1412 1339 rerum

55 1366 68 1379 ’
97 1377 241 1411 sumus,
262 1366 468 1415 intelligere
496 1368 700 1416 possimus,
722 1368 814 1405 scite
835 1367 935 1404 facta
961 1374 998 1404 et
1020 1374 1188 1405 venuste.
1245 1366 1356 1404 Haec
1376 1373 1414 1404 et

97 1431 169 1468 alia
198 1430 328 1480 Scipio
357 1443 437 1468 non
471 1432 707 1481 negligenter
740 1434 938 1478 abiecerat,
973 1439 1014 1470 ut
1047 1433 1166 1470 homo
1200 1432 1413 1482 intelligens

98 1496 237 1534 Verres
258 1496 404 1534 auferre
424 1505 577 1546 posset3
608 1498 677 1536 sed
699 1498 956 1536 Thermitanis
973 1499 1205 1536 restituerat:
1236 1510 1315 1535 non
1336 1510 1413 1548 quo
1433 1512 1473 1543 50

97 1562 181 1610 ipse
217 1561 348 1599 hortos
384 1569 449 1599 aut
486 1563 748 1600 suburbanum
786 1570 850 1601 aut
890 1564 1019 1601 locum
1057 1563 1228 1609 omnino,
1266 1563 1332 1600 ubi
1369 1576 1416 1600 ea

99 1631 269 1674 poneret,
290 1624 436 1661 nullum
462 1625 639 1672 haberet;
671 1626 739 1664 sed
759 1626 789 1663 si
810 1626 969 1663 domum
995 1626 1221 1671 abstulisset,
1244 1638 1324 1663 non
1351 1626 1416 1663 diu

101 1689 290 1739 Scipionis
323 1689 614 1739 appellarentur,
649 1691 716 1729 sed
750 1702 894 1736 eorum,
929 1691 978 1728 ad
1016 1702 1281 1739 quoscumque
1318 1691 1415 1728 illius

99 1761 221 1791 morte
240 1755 457 1792 venissent:
487 1767 590 1792 nunc
616 1755 674 1793 his
694 1755 788 1793 locis
814 1756 940 1805 posita
959 1763 1058 1800 sunt,
1077 1761 1120 1792 ut
1144 1755 1237 1792 mihi
1263 1767 1416 1805 semper

102 1817 291 1868 Scipionis
311 1819 391 1857 fore
411 1820 608 1857 videantur
627 1820 753 1870 itaque
773 1820 956 1858 dicantur.
1433 1839 1472 1871 55

156 1895 190 1931 3.
220 1884 332 1922 Haec
353 1897 471 1934 quum
491 1886 560 1922 iste
581 1892 767 1935 posceret,
787 1893 1037 1935 agereturque
1057 1898 1102 1923 ea
1127 1898 1187 1924 res
1213 1886 1251 1923 in
1272 1893 1414 1933 senatu,

101 1947 279 1985 Sthenius
295 1949 624 1988 vehementissime
640 1951 794 1998 restitit3
823 1951 1027 2000 multaque,
1043 1959 1085 1988 ut
1100 1952 1139 1988 in
1155 1952 1287 2000 primis
1309 1951 1416 1990 Sicu-

99 2014 224 2051 lorum
243 2014 281 2050 in
303 2015 465 2053 dicendo
487 2016 668 2065 copiosus
695 2023 763 2063 est,
784 2018 1122 2055 commemoravit:
1151 2019 1286 2055 urbem
1306 2019 1416 2056 relin-

100 2091 215 2128 quere
242 2078 515 2118 Thermitanos
542 2093 626 2119 esse
652 2081 862 2128 honestius,
884 2094 999 2131 quam
1029 2083 1118 2131 pati,
1139 2082 1219 2120 tolli
1249 2095 1296 2120 ex
1324 2085 1416 2122 urbe

100 2150 351 2181 monumenta
369 2146 569 2188 maiorum,
584 2146 706 2196 spolia
721 2146 899 2188 hostium,
915 2147 1101 2185 beneficia
1121 2148 1318 2185 clarissimi
1338 2149 1414 2195 viri,
1434 2157 1474 2188 60

100 2207 241 2245 indicia
266 2208 456 2246 societatis
476 2211 609 2259 populi
636 2210 804 2248 Romani
823 2217 937 2261 atque
964 2212 1162 2249 amicitiae.
1220 2211 1417 2251 Commoti

101 2273 218 2309 animi
247 2279 336 2310 sunt
363 2274 560 2311 omnium:
595 2283 765 2324 repertus
795 2282 851 2313 est
878 2288 1006 2323 nemo,
1028 2277 1121 2326 quin
1148 2277 1246 2314 mori
1276 2277 1417 2316 diceret

102 2337 219 2374 satius
238 2349 334 2376 esse.
381 2338 515 2388 Itaque
534 2338 610 2378 hoc
630 2340 754 2378 adhuc
773 2341 959 2391 oppidum
975 2341 1114 2379 Verres
1133 2341 1276 2379 invenit
1295 2354 1416 2393 prope
