1587 2533
76 464 117 494 60

75 1128 113 1158 70

77 1454 112 1486 7³

74 1775 114 1804 80

131 105 208 134 Sect.
232 103 287 134 IV.
520 99 607 130 BEA
617 99 753 129 UTIES
784 99 842 129 OF
871 99 933 129 NA
945 99 1080 130 TURE.
1377 105 1390 132 1
1400 93 1451 144 67

132 213 179 238 ex
201 199 427 249 corporibus
447 199 523 236 huc
543 205 580 236 et
601 198 686 236 illuc
707 210 798 235 casu
819 205 856 235 et
875 205 1018 235 temere
1049 198 1321 236 cursitantibus
1341 206 1436 248 potu

132 266 206 302 isse
227 264 323 302 effici
343 265 524 313 cuiquam
558 275 652 301 sano
687 263 803 300 videri
833 264 986 312 potest?
1042 262 1106 299 An
1133 275 1222 300 vero
1253 264 1325 300 alia
1357 277 1455 313 quac

133 338 278 376 natura,
298 330 437 367 mentis
469 335 506 366 et
536 328 692 366 rationis
722 340 868 376 expers,
890 327 985 365 haec
1016 328 1162 365 efficere
1192 329 1327 377 potuit,
1356 341 1454 378 quae

135 407 214 432 non
233 394 352 432 modo
373 401 415 431 ut
434 394 568 431 fierent
586 394 734 430 ratione
754 400 952 441 eguerunt,
970 394 1037 430 sed
1059 393 1216 442 intelligi
1236 394 1362 444 qualia
1383 394 1456 431 sint

135 460 216 498 sine
237 471 389 497 summa
408 459 553 496 ratione
574 470 654 495 non
673 459 862 507 possunt?

187 529 227 562 4.
256 525 354 573 Age,
375 531 416 561 ut
437 537 459 562 a
477 523 703 561 caelestibus
723 523 836 560 rebus
857 524 907 560 ad
924 530 1117 562 terrestres
1137 525 1347 569 veniamus,
1363 523 1456 573 quid

133 590 250 628 estin
269 590 339 635 his,
361 590 400 626 in
429 601 507 638 quo
536 601 616 626 non
650 593 808 625 naturae
842 588 937 625 ratio
967 589 1214 638 intelligentis
1245 588 1455 638 appareat?

131 655 325 704 Principio
346 667 491 700 eorum,
513 666 610 704 quae
630 654 841 702 gignuntur
871 666 892 690 e
919 660 1031 700 terra,
1052 655 1188 703 stirpes
1209 661 1246 691 et
1275 654 1454 691 stabilita-

133 728 210 758 tem
231 721 322 757 dant
342 720 387 757 iis
409 732 506 769 quae
528 719 726 763 sustinent,
747 725 784 755 et
805 731 851 755 ex
880 725 979 756 terra
1005 731 1166 756 succum
1190 720 1354 765 trahunt,
1376 732 1455 768 quo

99 803 110 810 -
132 786 279 823 alantur
308 797 354 822 ea
383 797 481 834 quae
510 784 702 821 radicibus
733 784 989 830 continentur,
1011 784 1334 834 obducunturque
1360 785 1454 821 libro

132 859 196 890 aut
216 852 356 889 cortice
376 851 509 896 trunci,
532 862 609 899 quo
630 850 704 886 sint
725 862 748 886 a
767 849 972 898 frigoribus
1002 856 1039 887 et
1068 851 1258 888 caloribus
1285 852 1454 889 tutiores,

132 918 217 954 Iam
245 928 335 954 vero
363 916 456 952 vites
486 916 539 952 sic
569 915 760 952 claviculis
790 915 1022 951 adminicula
1051 922 1248 965 tamquam
1277 917 1455 954 manibus

132 981 436 1031 apprehendunt,
459 987 573 1029 atque
593 981 644 1017 ita
665 992 704 1018 se
726 980 877 1028 erigunt
896 986 937 1017 ut
958 981 1184 1019 animantes.
1215 981 1321 1028 Quin
1340 982 1455 1018 etiam

131 1060 154 1085 a
174 1047 356 1091 caulibus,
379 1046 410 1083 si
430 1052 588 1095 propter
616 1045 686 1083 sati
713 1046 799 1091 sint,
820 1052 862 1082 ut
891 1057 913 1082 a
940 1045 1130 1094 pestiferis
1160 1053 1198 1084 et
1224 1047 1455 1084 nocentibus

130 1111 303 1160 refugere
325 1111 503 1148 dicuntur
538 1123 610 1148 nec
642 1123 710 1148 eos
740 1111 816 1147 ulla
847 1123 894 1147 ex
928 1118 1034 1160 parte
1068 1112 1303 1161 contingere.
1360 1112 1454 1149 Ani-

132 1177 319 1214 mantium
339 1188 429 1213 vero
451 1183 593 1225 quanta
618 1176 778 1214 varietas
809 1178 888 1213 est!
919 1183 1064 1224 quanta
1092 1177 1142 1214 ad
1169 1190 1255 1214 eam
1279 1190 1359 1215 rem
1388 1177 1453 1222 vis,

132 1249 174 1279 ut
193 1242 231 1278 in
252 1253 323 1279 suo
344 1254 520 1292 quaeque
540 1254 664 1290 gener
689 1243 963 1290 permaneant!
1012 1241 1189 1287 Quarum
1222 1243 1315 1280 aliae
1336 1243 1449 1280 coriis

131 1314 252 1345 tectae
282 1313 380 1353 sunt,
403 1307 498 1344 aliae
525 1307 620 1344 villis
646 1307 817 1353 vestitae,
837 1307 932 1344 aliae
960 1307 1079 1356 spinis
1106 1308 1294 1353 hirsutae;
1324 1308 1455 1357 pluma

131 1373 233 1418 alias,
255 1372 346 1410 alias
378 1383 540 1422 squama
570 1372 743 1410 videmus
777 1373 991 1419 obductus;
1031 1373 1124 1410 alias
1158 1386 1242 1411 esse
1272 1374 1453 1411 cornibus

101 1456 111 1464 ·
131 1443 307 1482 armatas,
329 1437 422 1475 alias
441 1437 582 1475 habere
604 1437 745 1487 effugia
760 1450 987 1487 pennarum.
1046 1438 1204 1476 Pastum
1226 1445 1353 1476 autem
1374 1439 1454 1475 ani-

132 1502 322 1540 mantibus
341 1502 446 1551 large
467 1510 503 1540 et
524 1503 682 1552 copiose
702 1510 838 1540 natura
857 1515 956 1549 eum,
979 1504 1043 1553 qui
1064 1504 1201 1552 cuique
1229 1512 1338 1553 aptus
1362 1509 1453 1549 erat,

131 1568 372 1616 comparavit.
441 1567 680 1606 Enumerare
717 1581 891 1618 possum,
926 1569 975 1606 ad
1008 1581 1097 1606 eum
1130 1575 1285 1617 pastum
1323 1581 1454 1618 capes-

132 1633 296 1671 sendum
330 1633 691 1684 conficiendumque
722 1647 822 1684 quae
856 1635 903 1672 sit
930 1635 968 1671 in
989 1635 1118 1683 figuris
1145 1635 1396 1672 animantium
1418 1643 1455 1673 et

132 1710 248 1748 quam
279 1699 411 1737 sollers
437 1699 660 1749 subtilisque
685 1700 891 1749 descriptio
919 1700 1093 1749 partium,
1116 1712 1310 1749 quamque
1332 1700 1452 1737 admi-

131 1764 257 1801 rabilis
278 1763 421 1802 fabrica
440 1766 716 1803 membrorum.
755 1765 900 1804 Omnia
920 1761 1033 1811 enim,
1056 1777 1154 1816 quae
1176 1766 1331 1814 quidem
1354 1766 1453 1804 intus

132 1829 278 1866 inclusa
311 1836 410 1876 sunt,
431 1830 482 1867 ita
516 1836 606 1867 nata
637 1837 750 1880 atque
782 1831 834 1868 ita
862 1831 988 1868 locata
1018 1838 1117 1875 sunt,
1139 1837 1180 1867 ut
1209 1830 1300 1868 nihil
1320 1844 1453 1869 eorum

133 1905 458 1943 supervacaneum
478 1895 536 1941 sit'‚
557 1896 648 1932 nihil
679 1896 728 1933 ad
747 1896 863 1933 vitam
894 1897 1134 1933 retinendam
1167 1908 1248 1934 non
1277 1909 1453 1934 necessa-

132 1959 241 1996 rium.
299 1958 415 1996 Dedit
436 1966 563 1998 autem
582 1961 719 1998 eadem
740 1967 874 1998 natura
894 1961 1027 1997 belluis
1048 1967 1085 1998 et
1106 1973 1261 1998 sensum
1282 1969 1318 1998 et
1335 1975 1453 2011 appe-

133 2025 252 2070 titum,
273 2030 315 2062 ut
335 2024 453 2062 altero
474 2033 653 2063 conatum
673 2026 860 2063 haberent
880 2027 929 2063 ad
950 2026 1140 2063 naturales
1166 2034 1299 2075 pastus
1321 2039 1453 2076 capes-

100 2109 110 2116 ·
132 2089 286 2131 sendos.
307 2090 425 2127 altero
445 2098 688 2128 secernerent
707 2091 887 2140 pestifera
913 2104 935 2128 a
959 2091 1195 2129 salutaribus.
1254 2092 1338 2129 Iam
1364 2105 1455 2131 vero

133 2155 205 2192 alia
224 2155 401 2196 animalia
425 2156 648 2204 gradiendo,
678 2157 750 2194 alia
780 2156 970 2205 serpendo
1001 2156 1049 2193 ad
1072 2163 1225 2205 pastum
1255 2158 1454 2205 accedunt,

133 2221 206 2258 alia
224 2221 402 2263 volando,
425 2221 497 2258 alia
516 2222 664 2268 nando;
698 2223 904 2271 cibumque
925 2222 1063 2271 partim
1081 2223 1159 2260 oris
1179 2223 1284 2260 hiatu
1305 2231 1341 2261 et
1362 2224 1455 2261 den-

134 2287 232 2324 tibus
264 2286 356 2336 ipsis
391 2293 609 2336 capessunt,
638 2288 775 2336 partim
805 2289 993 2337 unguium
1023 2289 1226 2326 tenacitate
1261 2289 1454 2338 arripiunt,

134 2352 270 2401 partim
295 2352 511 2389 aduncitate
542 2359 780 2399 rostrorum;
811 2353 883 2390 alia
910 2360 1063 2403 sugunt,
1085 2354 1157 2391 alia
1189 2361 1362 2404 carpunt,
1384 2355 1456 2392 alia
