1587 2533
150 148 229 191 130
485 144 726 175 EXTRACTS
755 144 891 175 FROM
918 145 1093 175 CICERO.
1300 146 1377 176 Sect.
1401 145 1453 175 111.

146 243 258 280 nobis
287 243 466 293 gloriosa,
498 244 640 293 patriae
674 243 906 289 calamitosa,
936 244 975 281 in
1008 244 1093 281 villa
1127 244 1293 293 quadam
1326 243 1452 292 campi

147 308 310 345 Atinatis
338 320 523 353 maneres,
555 321 812 358 magnamque
840 316 986 358 partem
1015 309 1138 346 noctis
1166 309 1370 357 vigilasses‚
1404 308 1453 344 ad

147 371 269 408 lucem
292 372 456 420 denique
476 378 576 409 arcte
596 379 633 409 et
661 373 822 421 graviter
842 373 1045 410 dormitare
1072 380 1107 409 te
1135 373 1319 420 coepisse.
1375 371 1452 408 Ita-

149 447 234 484 que,
256 448 489 484 quamquam
510 436 578 472 iter
597 436 763 481 instaret,
779 449 818 474 se
839 444 966 475 tamen
986 437 1175 474 silentium
1189 437 1268 473 fieri
1287 436 1451 479 iussisse,

148 512 272 549 neque
312 512 395 537 esse
424 512 580 548 passum
613 506 649 537 te
684 502 864 538 excitari:
905 514 1022 550 quum
1055 509 1180 538 autern
1211 507 1452 549 experrectus

146 577 248 601 esses
269 564 363 601 hora
383 565 551 601 secunda
581 564 668 610 fere,
689 572 725 602 te
755 566 825 602 sibi
849 567 1041 603 somnium
1070 565 1300 602 narravisse:
1330 565 1452 601 visum

146 629 210 664 tibi
242 641 337 674 esse,
369 641 487 678 quum
518 630 557 665 in
591 630 685 667 locis
720 630 809 668 solis
841 638 1008 668 maestus
1037 642 1190 673 errares,
1220 629 1263 667 C.
1285 629 1451 666 Marium

145 705 233 729 cum
268 693 433 730 fascibus
466 694 640 732 laureatis
678 707 858 744 quaerere
891 708 937 732 ex
975 702 1010 732 te
1043 695 1134 743 quid
1171 694 1284 731 tristis
1321 705 1449 739 esses;

146 770 340 807 quumque
360 765 400 794 tu
421 765 456 795 te
476 765 540 795 tua
560 760 680 808 patria
695 760 729 795 vi
749 760 901 809 pulsum
913 772 996 797 esse
1018 760 1188 803 dixisses,
1203 758 1450 807 prehendisse

146 834 234 858 eum
255 823 426 859 dextram
442 829 558 869 tuam,
579 830 616 860 et
634 824 739 861 bono
761 825 888 861 animo
910 831 946 862 te
966 825 1119 861 iussisse
1141 836 1234 868 esse,
1254 823 1450 871 lictorique

147 887 322 935 proximo
343 887 551 933 tradidisse,
572 896 613 925 ut
639 896 674 926 te
700 890 738 925 in
765 897 1058 926 monumentum
1089 900 1198 925 suum
1223 887 1448 933 deduceret;

145 958 181 987 et
211 951 349 988 dixisse
380 952 418 988 in
447 964 494 989 eo
518 953 585 989 tibi
614 954 772 990 salutem
802 954 890 990 fore.
949 953 1052 990 Tum
1082 960 1119 990 et
1148 965 1188 989 se
1215 952 1449 989 exclamasse

145 1015 316 1052 Saustius
343 1023 479 1062 narrat,
500 1017 662 1054 reditum
682 1019 748 1054 tibi
773 1018 934 1055 celerem
962 1025 999 1055 et
1025 1018 1234 1066 gloriosum
1263 1023 1448 1065 paratum,

145 1087 181 1116 et
210 1088 246 1117 te
275 1081 400 1128 ipsum
429 1082 551 1118 visum
580 1083 732 1119 somnio
763 1082 949 1119 delectari.
1006 1082 1108 1119 Nam
1138 1082 1229 1119 illud
1256 1081 1348 1117 mihi
1377 1081 1449 1130 ipsi

143 1146 312 1182 celeriter
341 1146 554 1182 nuntiatum
583 1153 651 1188 est,
675 1154 716 1183 ut
743 1147 962 1192 audivisses,
991 1147 1030 1183 in
1058 1152 1310 1183 monumento
1339 1145 1450 1182 Marii

143 1209 189 1246 de
220 1216 286 1246 tuo
319 1210 441 1247 reditu
474 1211 894 1259 magnificentissimum
928 1211 1017 1248 illud
1048 1218 1200 1247 senatus
1234 1210 1449 1248 consultum

142 1286 226 1311 esse
262 1274 415 1320 factum,
454 1275 638 1313 referente
677 1277 825 1325 optimo
864 1284 901 1313 et
931 1277 1138 1313 clarissimo
1171 1276 1250 1312 viro
1280 1275 1448 1319 consule,

142 1339 257 1388 idque
292 1338 598 1388 frequentissimo
631 1341 789 1386 theatro,
819 1341 1028 1378 incredibili
1053 1341 1219 1377 clamore
1249 1346 1286 1377 et
1314 1339 1449 1388 plausu

140 1405 446 1453 comprobatum,
468 1406 607 1444 dixisse
629 1413 675 1453 te,
696 1406 787 1443 nihil
813 1406 875 1444 illo
895 1406 1039 1443 Atinati
1057 1406 1209 1443 somnio
1236 1405 1314 1442 fieri
1334 1417 1448 1454 posse

139 1469 315 1507 divinius.

474 1714 791 1756 SCIPIO'S
845 1713 1139 1755 DREAM.

189 1902 220 1935 1.
253 1899 385 1945 Quum
419 1897 458 1934 in
485 1897 655 1935 Africam
689 1899 878 1935 venissem
913 1897 980 1934 Μ’.
1011 1897 1172 1934 Manilio
1212 1897 1358 1935 consuli
1397 1896 1446 1934 ad

136 1970 310 2012 quartam
343 1962 535 2011 legionem
574 1963 757 2007 tribunus,
795 1970 837 2000 ut
874 1962 986 2008 scitis,
1020 1963 1192 2007 militum,
1226 1961 1316 1998 nihil
1353 1961 1445 1998 mihi

135 2027 261 2076 potius
281 2027 349 2063 fuit
376 2039 490 2076 quarn
510 2033 551 2064 ut
579 2026 826 2064 Masinissam
853 2027 1106 2071 convenirem,
1126 2039 1257 2075 regem
1283 2026 1444 2063 familiae

135 2098 287 2128 nostrae
321 2091 425 2128 iustis
460 2091 507 2128 de
542 2092 664 2128 causis
702 2092 984 2128 amicissimum.
1040 2091 1103 2128 Ad
1135 2103 1248 2140 quem
1277 2098 1318 2127 ut
1345 2090 1442 2135 veni,

1473 502 1533 532 180

1472 830 1527 870 ¹85

1472 1153 1532 1184 190

1471 1470 1529 1502 ¹95

135 2156 360 2204 complexus
389 2168 451 2192 me
486 2168 602 2192 senex
633 2156 910 2201 collacrimavit,
941 2156 1210 2204 aliquantoque
1240 2161 1329 2204 post
1362 2166 1442 2192 sus·
1461 2175 1479 2207 5

136 2221 238 2269 pexit
267 2221 305 2257 in
334 2220 493 2265 caelum,
523 2227 570 2265 et,
601 2220 787 2266 ‘Grates,'
808 2221 939 2269 inquit,
961 2221 1050 2257 ‘tibi
1081 2232 1166 2268 ago,
1188 2232 1335 2257 summe
1366 2218 1440 2263 Sol,

133 2286 328 2334 vobisque,
368 2285 500 2333 reliqui
539 2284 714 2330 Caelites,
755 2286 859 2334 quod
898 2292 985 2323 ante
1024 2298 1138 2334 quam
1177 2297 1224 2321 ex
1262 2284 1332 2321 hac
1368 2285 1443 2321 vita

132 2349 257 2398 migro
289 2349 486 2398 conspicio
520 2349 559 2386 in
588 2361 675 2387 meo
712 2361 828 2398 regno
858 2357 896 2388 et
927 2349 986 2388 his
1017 2351 1126 2387 tectis
1159 2348 1201 2386 P.
1223 2348 1442 2386 Cornelium
