1587 2533
521 75 696 113 ROMAN
723 81 1011 112 ANECDOTES.
1369 72 1420 121 07

101 177 336 215 videbamus.
394 175 484 222 Quo
504 177 543 213 in
563 188 703 225 genere
725 175 1024 212 versutissimum
1050 180 1087 210 et
1107 172 1421 222 patientissimum

102 241 456 279 Lacedaemonium
477 241 722 291 Lysandrum
743 240 984 289 accepimus:
1016 245 1225 286 contraque
1247 237 1423 274 Callicra-

11 343 14 346 ,
40 324 82 355 30
101 308 232 354 fidam,
253 308 318 357 qui
338 307 554 357 praefectus
580 307 711 345 classis
732 307 929 356 proximus
955 312 1044 355 post
1064 304 1307 354 Lysandrum
1333 304 1422 341 fuit:

101 373 269 423 itemque
289 374 328 410 in
346 373 588 411 sermonibus
604 372 731 417 alium,
750 372 925 421 quamvis
941 377 1172 420 praepotens
1189 370 1246 415 sit,
1264 369 1424 415 efficere,

101 446 142 476 ut
162 451 263 476 unus
284 439 330 476 de
351 439 479 476 multis
507 450 590 476 esse
612 438 781 475 videatur
793 450 803 484 ‚·
839 437 945 486 quod
964 437 1003 473 in
1030 435 1179 480 Catulo,
1202 441 1238 472 et
1258 435 1296 471 in
1320 442 1425 484 patre

100 511 137 542 et
156 504 195 540 in
214 504 302 550 filio,
325 504 505 553 idemque
524 504 564 540 in
586 502 634 549 Q.
657 503 790 540 Mucio
813 502 968 539 Mancia
988 501 1162 539 vidimus.
1221 500 1363 538 Audivi
1378 513 1425 537 ex

99 569 309 607 maioribus
329 576 421 606 natu
440 569 515 606 hoc
535 569 637 606 idem
658 568 774 605 fuisse
803 568 842 604 in
863 567 903 604 P.
929 567 1109 616 Scipione
1130 565 1293 604 Nasica:
1332 577 1425 603 con-

41 649 79 681 35
100 641 233 684 traque
261 641 410 684 patrem
440 635 531 681 eius,
561 634 677 679 illum,
700 634 764 683 qui
784 633 846 670 Ti.
868 632 1035 670 Gracchi
1064 639 1227 669 conatus
1256 632 1426 680 perditos

99 701 311 748 vindicavit,
334 701 476 738 nullam
506 701 728 738 comitatem
757 698 936 736 habuisse
966 698 1178 744 sermonis;
1217 710 1266 735 ne
1295 698 1426 735 Xeno-

100 773 244 804 cratem
279 766 448 816 quidem,
484 766 768 803 severissimum
806 764 1140 814 philosophorum,
1173 763 1225 800 ob
1264 775 1427 812 eamque

100 843 182 869 rern
211 831 336 881 ipsam
364 844 552 881 magnum
573 838 610 868 et
639 831 782 868 clarum
813 830 942 867 fuisse.
999 829 1305 866 Innumerabiles
1333 829 1427 865 aliae

101 896 425 936 dissimilitudines
445 904 534 935 sunt
558 904 716 934 naturae
739 907 981 945 morumque,
1003 895 1162 932 minime
1183 900 1314 932 tamen
1334 894 1427 931 vitu-

44 974 82 1005 40
101 962 374 1012 perandorum.

431 1071 494 1107 15.
527 1068 605 1104 ‘Ort
635 1071 736 1110 μόνον
763 1067 891 1115 ἀγαθὸν
918 1068 957 1103 τὸ
986 1068 1099 1104 καλόν.

155 1172 246 1211 Vita
266 1179 380 1223 atque
397 1172 506 1210 factis
527 1172 751 1210 illustranda
771 1178 859 1210 sunt
881 1183 1121 1210 summorum
1135 1170 1302 1208 virorum
1321 1170 1428 1217 haec,

101 1251 201 1288 quae
238 1239 363 1276 verbis
412 1238 585 1276 subtilius
624 1250 741 1287 quam
790 1239 880 1275 satis
919 1244 975 1276 est
1014 1237 1196 1286 disputari
1244 1237 1426 1274 videntur.

103 1304 261 1351 Quaero
295 1305 398 1341 enim
436 1315 460 1341 a
492 1304 611 1346 vobis,
647 1316 742 1341 num
781 1304 898 1340 ullam
933 1303 1208 1352 cogitationem
1247 1303 1428 1340 habuisse

102 1370 298 1408 videantur
327 1370 361 1415 ii,
383 1370 449 1419 qui
478 1369 578 1407 hanc
607 1369 883 1419 rempublicam
913 1376 991 1407 tam
1012 1369 1204 1418 praeclare
1231 1369 1429 1406 fundatam

66 1454 82 1485 5
103 1435 216 1473 nobis
235 1435 483 1484 reliquerunt,
505 1441 569 1473 aut
589 1436 669 1472 auri
690 1441 727 1472 et
747 1435 893 1484 argenti
914 1436 963 1473 ad
990 1435 1195 1481 avaritiam,
1216 1441 1279 1472 aut
1299 1447 1430 1472 amoe-

103 1501 266 1538 nitatum
295 1500 345 1538 ad
380 1500 687 1547 delectationem,
719 1507 784 1538 aut
815 1501 1059 1550 supellectilis
1086 1500 1136 1539 ad
1167 1501 1332 1546 delicias,
1367 1508 1431 1539 aut

104 1565 304 1615 epularum
325 1566 376 1603 ad
396 1565 636 1615 voluptates?
671 1566 808 1604 Ponite
829 1573 917 1604 ante
938 1566 1074 1604 oculos
1094 1579 1215 1604 unum
1237 1579 1430 1617 quemque

104 1642 252 1679 regum.
309 1629 435 1668 Vultis
465 1643 488 1668 a
508 1630 706 1669 Romulo?
735 1631 846 1669 vultis
875 1637 964 1681 post
983 1631 1142 1669 liberam
1173 1632 1363 1670 civitatem
1382 1633 1431 1670 ab

104 1696 149 1733 iis
169 1696 272 1746 ipsis,
294 1697 360 1746 qui
379 1696 659 1735 liberaverunt?
689 1697 840 1743 Quibus
859 1697 1016 1735 tandem
1036 1698 1218 1747 gradibus
1239 1697 1431 1737 Romulus

49 1779 88 1802 ιο
105 1761 277 1799 escendit
295 1761 335 1799 in
355 1762 531 1801 caelum?
561 1763 668 1809 iisne,
686 1775 784 1813 quae
805 1764 865 1801 isti
882 1764 986 1801 bona
999 1760 1219 1812 appellant?
1248 1776 1298 1801 an
1319 1765 1431 1802 rebus

105 1829 222 1878 gestis
243 1834 357 1878 atque
376 1829 601 1867 virtutibus?
635 1829 765 1876 Quid?
805 1842 828 1867 a
848 1830 980 1867 Numa
999 1829 1218 1879 Pompilio?
1252 1831 1431 1869 minusne

105 1901 233 1944 gratas
263 1895 334 1932 diis
354 1894 635 1933 immortalibus
666 1896 872 1946 capedines
893 1908 938 1933 ac
967 1895 1100 1933 fictiles
1126 1894 1294 1934 hirnulas
1315 1896 1431 1935 fuisse

106 1971 224 2008 quam
244 1959 402 1998 filicatas
422 1960 585 1998 aliorum
605 1967 757 2010 pateras
777 1961 1028 1999 arbitramur?
1068 1961 1217 2000 Omitto
1236 1962 1405 2012 reliquos
1422 1976 1430 2000 ε

107 2031 196 2062 sunt
215 2025 319 2062 enim
339 2037 476 2064 omnes
496 2038 609 2075 pares
629 2026 726 2064 inter
746 2039 786 2065 se
813 2034 962 2076 praeter
984 2026 1213 2076 Superbum.
1270 2027 1431 2066 Brutum

53 2103 89 2135 15
109 2089 140 2128 si
161 2090 246 2139 quis
266 2096 387 2140 roget,
409 2091 502 2140 quid
528 2092 648 2140 egerit
667 2092 706 2129 in
734 2093 854 2142 patria
880 2092 1087 2138 liberanda,
1109 2093 1140 2130 si
1160 2093 1245 2143 quis
1264 2094 1355 2131 item
1374 2107 1432 2132 re-

107 2154 234 2205 liquos
255 2155 428 2193 eiusdem
458 2157 606 2195 consilii
634 2158 774 2203 socios,
797 2158 889 2207 quid
916 2158 1179 2207 spectaverint,
1201 2160 1294 2208 quid
1314 2161 1433 2198 secuti

109 2220 194 2267 sint,
216 2233 310 2258 num
330 2222 416 2271 quis
436 2223 603 2270 exsistet,
625 2224 685 2261 cui
706 2224 890 2273 voluptas,
913 2225 974 2262 cui
998 2224 1159 2271 divitiae,
1181 2225 1241 2263 cui
1267 2225 1434 2275 denique

109 2292 258 2335 praeter
279 2286 450 2325 officium
471 2287 578 2326 fortis
598 2295 635 2326 et
654 2290 786 2338 magni
806 2290 872 2327 viri
899 2290 1111 2340 quidquam
1138 2291 1239 2328 aliud
1258 2293 1432 2341 proposi-

104 2347 194 2388 ’tum
210 2350 326 2390 fuisse
343 2352 540 2391 videatur?
570 2353 682 2401 Quae
697 2367 758 2393 res
773 2355 822 2393 ad
838 2368 975 2394 necem
991 2355 1186 2395 Porsenae
1203 2356 1245 2395 C.
1261 2357 1433 2395 Mucium

739 2431 762 2458 Β·
795 2432 814 2458 2
