1587 2533
152 118 205 157 24
499 115 557 144 EX
565 112 652 145 ΤΚΛ
660 112 740 144 C'TS
769 112 830 143 FR
836 111 906 143 OM
931 111 1110 143 CICERO.

535 299 601 335 27.
639 294 704 332 An
731 294 898 343 unhapffl
921 293 1074 342 Erant.

200 411 593 460 Duodequadraginta
638 421 761 447 annos
806 416 988 458 tyrannus
1027 407 1352 457 Syracusanorum
1387 406 1459 444 fuit

147 475 364 525 Dionysius,
401 488 518 525 quum
551 475 719 524 quinque
752 480 788 511 et
820 473 951 522 viginti
982 480 1094 510 natus
1127 484 1250 510 annos
1284 472 1458 510 domina-

147 548 227 578 tum
255 541 528 590 occupavisset.
587 539 676 586 Qua
702 538 979 588 pulchritudine
1007 539 1152 582 urbem,
1175 537 1312 586 quibus
1331 543 1458 574 autem

147 607 284 655 opibus
303 605 513 654 praeditam
534 605 710 642 servitute
730 615 956 653 oppressam
971 603 1089 640 tenuit
1105 602 1308 640 civitatem!
1341 601 1460 651 Atqui

148 671 195 708 de
222 670 298 708 hoc
326 670 482 707 homine
510 682 533 707 a
561 669 672 707 bonis
701 669 917 705 auctoribus
946 668 1001 705 sic
1027 668 1209 716 scriptum
1229 667 1458 715 accepimus,
1477 681 1494 711 5

147 747 339 773 summam
377 734 493 772 fuisse
531 734 611 772 eius
648 734 687 770 in
725 733 825 770 victu
861 732 1163 782 temperantiam,
1194 732 1233 768 in
1270 732 1459 780 rebusque

146 800 325 849 gerendis
354 799 475 836 virum
503 811 630 836 acrem
659 805 696 836 et
723 798 960 843 industrium,
982 797 1161 834 eumdem
1186 803 1315 834 tamen
1343 796 1461 833 male-

147 865 264 902 ficum
297 872 430 902 natura
463 870 500 902 et
534 865 725 901 iniustum.
784 862 844 900 Ex
877 874 954 912 quo
988 862 1175 907 omnibus,
1204 863 1302 899 bene
1330 862 1460 899 verita-

146 936 224 967 tem
258 929 502 975 intuentibus‚
536 929 652 966 videri
683 939 840 966 necesse
869 933 926 965 est
953 927 1216 964 miserrimum.
1272 926 1331 964 Ea
1359 928 1461 964 enim

147 995 230 1044 ipsa
270 1006 368 1044 quae
407 995 655 1043 concupierat
694 1005 743 1030 ne
781 1000 863 1030 tum
903 992 1059 1042 quidem
1095 1004 1214 1041 quum
1252 993 1382 1029 omnia
1420 1005 1461 1030 se
1481 1009 1520 1030 10

145 1071 261 1108 posse
290 1059 471 1096 censebat
497 1059 813 1107 consequebatur.
869 1057 947 1103 Qui
976 1069 1096 1106 quum
1127 1064 1225 1094 esset
1253 1057 1363 1094 bonis
1394 1069 1459 1106 pa-

146 1125 315 1162 rentibus
336 1130 449 1174 atque
470 1123 636 1161 honesto
656 1123 743 1160 loco
763 1130 875 1160 natus
900 1122 986 1173 (etsi
1015 1122 1053 1159 id
1081 1122 1236 1171 quidem
1265 1122 1358 1159 alius
1386 1122 1460 1159 alio

145 1189 264 1226 modo
298 1189 467 1237 tradidit)
503 1189 789 1238 abundaretque
827 1187 1040 1236 aequalium
1077 1187 1388 1224 familiaritatibus
1426 1194 1462 1224 et

147 1254 420 1292 consuetudine
458 1255 775 1304 propinquorum,
815 1252 993 1290 credebat
1040 1263 1080 1290 se
1127 1264 1260 1290 eorum
1306 1253 1460 1298 nemini,

147 1320 215 1358 sed
233 1320 288 1365 iis,
309 1332 407 1369 quos
433 1331 482 1358 ex
508 1319 657 1356 familiis
683 1318 917 1367 locupletum
943 1329 1072 1355 servos
1101 1317 1302 1366 delegerat,
1324 1318 1461 1367 quibus
1483 1333 1519 1364 15

146 1397 291 1423 nomen
319 1385 505 1423 servitutis
535 1385 616 1433 ipse
646 1384 869 1428 detraxerat,
890 1389 927 1420 et
955 1383 1185 1432 quibusdam
1215 1384 1396 1420 convenis
1425 1390 1462 1420 et

147 1451 233 1488 feris
263 1450 432 1488 barbaris
467 1450 638 1499 corporis
669 1448 885 1487 custodiam
917 1448 1192 1485 committebat.
1249 1447 1307 1485 Ita
1344 1460 1461 1497 prop-

147 1524 202 1553 ter
234 1516 412 1552 iniustam
446 1515 663 1552 dominatus
698 1513 944 1563 cupiditatem
981 1513 1021 1550 in
1053 1524 1245 1550 carcerem
1275 1513 1461 1562 quodam-

147 1582 266 1619 modo
299 1581 381 1630 ipse
415 1593 456 1618 se
489 1580 700 1618 incluserat.
760 1578 866 1625 Quin
900 1579 1025 1625 etiam,
1061 1590 1109 1616 ne
1142 1579 1288 1616 tonsori
1321 1578 1462 1616 collum

146 1647 410 1688 committeret,
439 1645 598 1682 tondere
629 1644 723 1682 filias
753 1656 840 1681 suas
870 1644 1008 1682 docuit.
1073 1643 1131 1680 Ita
1159 1643 1315 1681 sordido
1345 1643 1461 1680 ancil·
1480 1661 1521 1682 20

145 1712 288 1761 larique
321 1711 478 1748 artificio
513 1711 641 1759 regiae
674 1710 849 1758 virgines,
883 1716 924 1746 ut
961 1708 1216 1754 tonstriculae,
1250 1709 1463 1746 tondebant

145 1777 304 1813 barbam
354 1782 390 1813 et
444 1775 625 1824 capillum
677 1775 804 1824 patris.
887 1773 937 1811 Et
983 1781 1111 1810 tamen
1158 1774 1206 1810 ab
1252 1773 1310 1810 his
1356 1774 1461 1822 ipsis,

145 1854 263 1891 quum
301 1841 378 1878 iam
415 1847 544 1878 essent
580 1839 741 1886 adultae,
775 1840 916 1877 sermm
949 1839 1119 1883 removit,
1153 1838 1388 1888 instituitque
1421 1845 1462 1876 ut

145 1907 396 1944 candentibus
415 1906 652 1955 iuglandium
672 1906 930 1955 putaminibus
950 1905 1109 1942 barbam
1129 1904 1199 1941 sibi
1222 1911 1259 1941 et
1282 1903 1461 1952 capillum

145 1972 357 2009 adurerent.
415 1971 624 2021 Quumque
656 1971 751 2009 duas
784 1982 924 2008 uxores
957 1970 1122 2015 haberet,
1153 1968 1459 2015 Aristomachen,
1480 1983 1518 2014 25

145 2037 266 2074 civem
297 2048 415 2082 suam,
445 2036 631 2073 Doridem
660 2044 787 2074 autem
815 2035 1062 2081 Locrensem,
1090 2034 1144 2072 sic
1173 2041 1290 2071 noctu
1318 2033 1367 2071 ad
1396 2045 1460 2071 eas

145 2101 360 2146 ventitabat,
400 2108 441 2138 ut
479 2101 609 2138 omnia
647 2101 903 2151 specularetur
941 2107 978 2137 et
1019 2105 1317 2149 perscrutaretur
1363 2105 1460 2136 ante.

144 2165 204 2212 Et,
243 2177 362 2215 quum
400 2166 545 2203 fossam
591 2166 707 2204 latam
755 2165 959 2203 cubiculari
1004 2164 1102 2202 lecto
1152 2163 1462 2201 circumdedisset

145 2233 301 2281 eiusque
328 2231 455 2269 fossae
484 2232 682 2269 transitum
706 2232 902 2281 ponticulo
931 2231 1058 2280 ligneo
1082 2230 1351 2274 coniunxisset,
1372 2241 1461 2266 eum

145 2297 282 2346 ipsum,
309 2308 427 2345 quum
456 2295 579 2334 forem
609 2297 770 2334 cubiculi
799 2297 994 2341 clauserat,
1017 2295 1276 2344 detorquebat.
1333 2294 1461 2332 Idem·
1477 2305 1520 2336 30

145 2374 230 2410 que,
251 2373 370 2409 quum
390 2361 428 2397 in
450 2362 717 2398 communibus
737 2361 928 2409 suggestis
949 2360 1154 2397 consistere
1184 2371 1264 2396 non
1293 2359 1458 2398 auderet.
