1587 2533
137 109 153 137 ι
167 96 216 136 16
464 100 709 133 EXTRACTS
737 99 874 131 FROM
903 100 1037 131 crcER
1045 100 1085 132 0.
1297 102 1376 134 sm.
1393 102 1449 134 111.

133 214 271 241 omen:
299 207 379 240 erat
399 208 526 239 autem
545 206 717 238 mortuus
738 199 894 238 catellus
913 209 961 238 eo
982 198 1150 237 nornine.
1198 198 1243 237 L.
1264 199 1447 237 Flaccum

134 268 331 306 flaminem
370 265 587 304 Martialem
625 276 699 313 ego
738 264 865 302 audivi
906 276 1026 313 quum
1063 263 1206 302 diceret
1242 263 1450 302 Caeciliam

135 332 292 377 Metelli,
326 343 446 380 quum
483 330 593 367 vellet
632 329 774 367 sororis
812 341 904 367 suae
937 329 1054 366 filiam
1086 328 1126 365 in
1162 328 1451 366 matrimonium

135 397 338 442 collocare,
379 396 502 433 exisse
540 395 580 432 in
618 394 815 444 quoddam
861 394 1043 431 sacellum
1089 393 1228 431 ominis
1275 393 1452 443 capiendi

138 475 264 508 causa,
303 460 410 511 quod
447 459 528 497 fieri
564 471 672 496 more
716 465 886 496 veterum
933 459 1093 496 solebat.
1166 457 1299 504 Quum
1345 458 1452 506 virgo

137 534 262 572 staret,
300 534 338 564 et
375 525 541 564 Caecilia
578 524 617 561 in
656 524 748 561 sella
786 524 946 569 sederet,
983 535 1110 573 neque
1155 522 1220 561 diu
1263 523 1339 560 ulla
1377 534 1454 560 vox

137 592 353 636 exstitisset,
392 589 560 639 puellam
607 588 855 637 defatigatam
901 588 1055 637 petiisse
1100 599 1124 624 a
1165 593 1368 624 matertera
1413 593 1456 624 ut

137 657 208 695 sibi
248 655 477 694 concederet
515 654 730 703 paullisper,
769 660 810 691 ut
851 653 891 690 in
928 653 1010 690 eius
1049 652 1140 690 sella
1176 653 1456 702 requiesceret:

137 723 241 760 illam
270 728 398 759 autem
428 720 580 765 dixisse,
601 719 739 764 ‘Vero,
770 730 858 756 mea
886 718 1022 768 puella,
1050 718 1118 755 tibi
1147 717 1320 755 concedo
1350 729 1456 754 meas

138 786 277 833 sedes)
333 785 451 832 Quod
481 795 597 822 omen
633 795 693 821 res
733 790 938 821 consecuta
968 789 1036 820 est.
1103 781 1193 831 Ipsa
1222 782 1325 820 enim
1353 781 1457 819 brevi

138 859 289 890 mortua
318 858 395 898 est;
434 850 540 898 virgo
570 856 698 886 autem
724 848 865 896 nupsit,
893 848 953 886 cui
981 847 1147 884 Caecilia
1175 853 1295 896 nupta
1323 846 1454 884 suerat.

140 917 250 954 Haec
283 928 397 966 posse
429 913 624 952 contemni
657 912 715 950 vel
748 913 862 949 etiam
895 912 1008 950 rideri
1042 910 1235 961 praeclare
1264 911 1456 959 intelligo:

140 982 208 1021 sed
245 981 284 1019 id
320 981 446 1030 ipsum
485 984 554 1024 est,
585 978 678 1016 deos
716 988 796 1014 non
833 984 979 1027 putare,
1009 988 1107 1026 quae
1146 976 1195 1013 ab
1233 976 1278 1013 iis
1314 975 1458 1025 signifi-

140 1054 274 1085 cantur
303 1051 562 1084 contemnere.

195 1116 258 1150 12.
288 1110 394 1157 Quid
441 1109 487 1147 de
535 1109 742 1158 auguribus
788 1106 948 1156 loquar?
1019 1106 1129 1144 Tuae
1175 1111 1302 1156 partes
1349 1112 1457 1145 sunt:

142 1184 262 1223 tuum,
292 1177 461 1225 inquam,
492 1174 751 1223 auspiciorum
780 1172 1035 1221 patrocinium
1069 1172 1183 1209 debet
1216 1184 1310 1209 esse.
1368 1171 1459 1209 Tibi

142 1244 245 1293 App.
281 1240 465 1279 Claudius
501 1251 622 1288 augur
656 1237 804 1276 consuli
837 1237 1032 1282 nuntiavit,
1063 1236 1285 1274 addubitato
1321 1235 1459 1274 Salutis

143 1307 317 1356 augurio,
357 1305 500 1342 bellum
539 1303 796 1341 domesticum
834 1302 938 1339 triste
976 1313 1022 1339 ac
1059 1301 1317 1339 turbulentum
1355 1301 1459 1339 fore:

145 1372 251 1422 quod
285 1371 419 1421 paucis
454 1376 541 1419 post
571 1369 768 1405 mensibus
798 1374 985 1412 exortum,
1015 1366 1260 1416 paucioribus
1289 1378 1311 1403 a
1338 1372 1374 1404 te
1404 1372 1461 1403 est

146 1439 281 1476 diebus
311 1447 552 1486 oppressum.
611 1433 682 1472 Cui
713 1432 868 1483 quidem
898 1432 1031 1481 auguri
1059 1431 1303 1469 vehementer
1329 1443 1460 1468 assen-

146 1505 229 1542 tior.
288 1501 401 1539 Solus
440 1501 544 1538 enim
581 1499 787 1536 multorum
825 1509 1016 1535 annorum
1052 1496 1240 1534 memoria
1276 1508 1357 1534 non
1395 1496 1461 1533 de-

146 1567 324 1607 cantandi
357 1565 503 1615 augurii
533 1564 603 1602 sed
638 1563 831 1601 divinandi
868 1563 988 1599 tenuit
1027 1562 1275 1610 disciplinam.
1333 1560 1463 1607 Quem

147 1633 353 1671 irridebant
382 1631 551 1679 collegae
572 1629 636 1674 tui,
667 1640 832 1678 eumque
861 1634 943 1664 turn
971 1626 1150 1672 Pisidam,
1171 1633 1253 1663 tum
1274 1625 1464 1664 Soranum

148 1710 333 1749 augurem
361 1709 444 1735 esse
465 1696 653 1734 dicebant.
712 1693 863 1741 Quibus
890 1693 993 1730 nulla
1021 1692 1217 1729 videbatur
1236 1692 1275 1728 in
1295 1691 1463 1741 auguriis

150 1772 214 1804 aut
243 1763 422 1814 auspiciis
451 1760 672 1811 praesensio
703 1766 768 1796 aut
797 1759 955 1796 scientia
983 1757 1147 1795 veritatis
1176 1756 1334 1802 futurae,
1365 1757 1464 1806 sapi-

150 1836 256 1868 enter
283 1828 436 1866 aiebant
470 1826 520 1864 ad
557 1825 781 1874 opinionem
819 1823 1083 1872 imperitorum
1122 1834 1205 1860 esse
1235 1821 1344 1860 fictas
1379 1822 1464 1859 reli·
1510 1828 1520 1838 ⁶

151 1896 297 1945 giones.
356 1891 475 1939 Quod
503 1891 618 1939 longe
648 1901 758 1927 secus
788 1895 866 1926 est:
896 1899 1022 1937 neque
1052 1887 1155 1924 enim
1184 1887 1224 1924 in
1248 1887 1465 1936 pastoribus

152 1961 234 2006 illis,
271 1959 409 2008 quibus
440 1956 631 1994 Romulus
662 1953 835 2004 praefuit,
866 1965 940 1991 nec
972 1953 1012 1990 in
1049 1953 1134 2001 ipso
1165 1951 1337 1990 Romulo
1371 1953 1465 1991 haec

152 2025 335 2063 calliditas
364 2034 448 2060 esse
478 2021 613 2071 potuit,
642 2027 684 2058 ut
715 2019 764 2057 ad
792 2030 959 2056 errorem
991 2018 1240 2055 multitudinis
1273 2017 1466 2067 religionis

153 2090 355 2129 simulacra
403 2087 604 2136 fingerent.
689 2084 766 2136 Sed
818 2083 1018 2121 difficultas
1065 2083 1249 2134 laborque
1294 2083 1467 2121 discendi

153 2157 332 2194 disertam
377 2151 651 2201 negligentiam
697 2136 870 2187 reddidit.
938 2147 1087 2186 Malunt
1133 2149 1236 2186 enim
1282 2134 1475 2187 disserere

153 2221 245 2259 nihil
274 2231 359 2257 esse
386 2218 427 2255 in
455 2216 644 2265 auspiciis,
675 2226 792 2264 quam
820 2214 912 2263 quid
941 2214 988 2250 sit
1016 2214 1196 2251 ediscere.

209 2289 272 2323 13.
303 2283 408 2329 Quid
445 2288 503 2319 est
538 2281 601 2318 illo
639 2280 810 2329 auspicio
850 2278 1023 2325 divinius,
1061 2279 1168 2328 quod
1204 2279 1308 2330 apud
1354 2285 1390 2317 te
1427 2279 1467 2316 in

154 2350 278 2389 Mario
308 2349 390 2386 est?
427 2353 469 2385 ut
496 2353 579 2384 utar
608 2345 850 2397 potissimum
878 2350 914 2383 te
943 2349 1121 2382 auctore:

1470 212 1532 235 210

1474 529 1533 560 2¹5

1475 852 1538 873 220

1480 1501 1542 1531 230

1488 2154 1548 2185 ²40
