1587 2533
131 119 210 161 228
478 125 723 158 EXTRACYS
752 126 888 157 FRoM
915 127 1096 158 CICERO.
1308 131 1385 161 Sect.
1407 130 1446 163 V.

129 229 200 265 ‘illi
229 227 364 265 adesse
392 239 473 264 non
502 226 688 276 possunt.'
747 225 872 263 ‘Nam
900 226 1074 272 hercule,’
1096 227 1216 275 inquit
1240 227 1289 273 Q.
1317 226 1446 264 Minu·

129 293 220 338 cius,
241 295 325 329 ‘me
353 304 507 341 quoque
535 292 699 335 Petilius,
721 297 762 327 ut
788 292 859 328 sibi
886 291 925 327 in
945 289 1106 328 consilio
1127 292 1313 338 adessem,
1334 304 1447 341 roga-

128 357 200 394 vit!
257 357 307 394 Et
326 356 438 393 simul
458 367 480 391 a
501 356 688 392 subselliis
708 356 810 392 abire
827 356 962 404 coepit.
1022 355 1097 393 Iste
1117 356 1232 393 iratus
1252 356 1447 393 hominem

131 422 251 458 verbis
280 421 625 457 vehementioribus
655 421 909 469 prosequitur,
940 428 1053 469 atque
1087 421 1120 457 ei
1150 421 1300 469 gravius
1334 422 1447 458 etiam

129 486 264 523 minari
294 485 430 534 coepit,
452 485 557 533 quod
586 485 624 522 in
654 497 693 522 se
723 491 869 521 tantum
899 486 1041 522 crimen
1070 485 1326 535 invidiamque
1355 497 1447 522 con·
1469 495 1506 526 75

128 551 245 587 flaret.

184 628 219 663 3.
249 615 456 656 Minucius,
487 614 552 662 qui
582 613 778 663 Syracusis
807 615 860 652 sic
894 616 1160 664 negotiaretur,
1191 622 1232 653 ut
1266 616 1323 653 sui
1357 616 1448 653 iuris

129 680 399 729 dignitatisque
428 679 675 724 meminisset,
705 687 742 717 et
773 681 837 729 qui
873 681 995 725 sciret,
1027 682 1078 717 ita
1112 693 1153 718 se
1186 681 1225 718 in
1254 682 1448 730 provincia

126 757 208 782 rem
241 757 380 794 augere
415 752 603 794 oportere,
633 751 674 781 ut
707 756 755 781 ne
789 745 881 793 quid
915 745 962 782 de
996 746 1165 782 libertate
1200 745 1424 794 deperderet
1436 757 1447 791 3

127 809 275 846 homini
305 822 404 859 quae
431 810 510 847 visa
539 815 638 854 sunt,
659 816 696 846 et
725 822 822 858 quae
853 816 1004 859 tempus
1034 811 1125 847 illud
1149 810 1230 847 tulit
1257 817 1294 848 et
1321 823 1447 857 causa,
1468 816 1510 846 80

127 875 347 923 respondit:
377 886 532 912 causam
553 886 636 911 sese
664 874 821 912 dimisso
849 882 963 923 atque
990 875 1167 924 ablegato
1195 875 1355 912 consilio
1383 875 1448 912 de-

128 938 324 975 fensurum
341 939 502 987 negavit.
552 938 687 987 Itaque
709 951 730 975 a
751 939 936 977 subselliis
954 939 1148 977 discessit:
1176 940 1354 989 idemque
1374 940 1449 978 hoc

130 1010 278 1052 praeter
317 1003 465 1041 Siculos
501 1004 613 1041 ceteri
653 1003 804 1052 Sopatri
837 1004 949 1041 amici
983 1005 1234 1054 advocatique
1270 1005 1448 1047 fecerunt,

128 1069 216 1114 Iste,
255 1081 490 1118 quamquam
529 1076 586 1106 est
625 1068 834 1106 incredibili
873 1069 1158 1118 importunitate
1196 1077 1233 1107 et
1277 1070 1448 1111 audacia,

127 1143 257 1171 tamen
285 1135 412 1171 subito
443 1134 546 1171 solus
576 1134 776 1171 destitutus
811 1135 1002 1183 pertimuit
1035 1141 1072 1171 et
1101 1135 1347 1172 conturbatus
1381 1142 1447 1173 est.
1468 1144 1506 1184 85

128 1199 233 1245 Quid
267 1206 407 1248 ageret,
442 1211 518 1248 quo
554 1211 594 1236 se
627 1206 796 1244 verteret,
832 1200 1036 1237 nesciebat.
1097 1200 1135 1237 Si
1169 1200 1372 1237 dimisisset
1401 1212 1448 1238 eo

129 1273 302 1313 tempore
327 1265 605 1313 quaestionem,
627 1271 724 1312 post,
754 1264 823 1301 illis
845 1265 1021 1302 adhibitis
1048 1265 1088 1301 in
1109 1265 1321 1310 consilium,
1349 1277 1448 1314 quos

128 1330 330 1378 ablegarat‚
353 1330 570 1367 absolutum
591 1330 633 1367 iri
655 1329 861 1378 Sopatrum
883 1330 1055 1367 videbat:
1085 1331 1143 1367 sin
1170 1337 1297 1368 autem
1324 1330 1448 1367 homi-

128 1407 218 1431 nem
246 1395 427 1432 miserum
457 1404 570 1444 atque
606 1395 852 1432 innocentem
883 1395 1187 1439 condemnasset,
1218 1407 1337 1443 quum
1366 1395 1448 1444 ipse

128 1466 280 1508 praetor
310 1460 390 1497 sine
420 1461 591 1506 consilio,
621 1473 708 1497 reus
738 1467 865 1496 autem
895 1460 978 1496 sine
1001 1467 1163 1509 patrono
1190 1466 1304 1509 atque
1333 1460 1447 1497 advo-
1466 1472 1507 1502 90

129 1525 221 1561 catis
248 1524 390 1569 fuisset,
412 1525 671 1575 iudiciumque
702 1523 744 1561 C.
774 1523 990 1560 Sacerdotis
1018 1524 1243 1569 rescidisset,
1264 1525 1446 1562 invidiam

129 1602 170 1626 se
191 1589 375 1626 sustinere
395 1602 475 1627 non
496 1602 610 1638 posse
631 1597 774 1627 tantam
794 1589 1053 1626 arbitrabatur.
1096 1588 1231 1638 Itaque
1252 1590 1448 1626 aestuabat

130 1654 388 1692 dubitatione:
427 1656 601 1691 versabat
635 1667 674 1692 se
713 1655 752 1690 in
785 1659 986 1702 utramque
1020 1660 1166 1702 partem
1205 1666 1285 1691 non
1323 1654 1448 1692 solum

129 1726 268 1764 mente,
289 1732 419 1756 verum
448 1720 562 1757 etiam
592 1731 775 1768 corpore:
805 1725 846 1755 ut
875 1730 1010 1755 ornnes
1039 1719 1103 1766 qui
1131 1718 1288 1756 aderant
1314 1719 1449 1757 intelli-

130 1797 220 1832 gere
247 1792 415 1833 possent,
439 1785 477 1821 in
498 1785 627 1821 animo
648 1785 727 1821 eius
753 1791 899 1820 metum
920 1783 1243 1832 cupiditatemque
1263 1797 1446 1833 pugnare.
1465 1797 1504 1829 95

128 1849 220 1886 Erat
240 1849 440 1886 hominurn
460 1856 671 1886 conventus
692 1849 892 1893 maximus,
913 1860 1106 1884 summum
1127 1849 1327 1894 silentium,
1345 1862 1448 1887 sum-

128 1926 193 1950 ma
221 1915 466 1962 exspectatio,
488 1926 659 1963 quonam
688 1920 786 1950 esset
815 1914 895 1950 eius
924 1913 1111 1961 cupiditas
1141 1920 1338 1962 eruptura:
1367 1927 1466 1965 creg

128 1978 198 2014 bro
228 1979 448 2016 demittebat
477 1991 517 2016 se
547 1991 732 2016 accensus
766 1978 815 2015 ad
844 1990 974 2015 aurem
1007 1978 1284 2017 Timarchides.
1341 1979 1448 2017 Tum

128 2044 198 2080 iste
219 2043 436 2092 aliquando,
459 2047 467 2063 ‘
481 2044 577 2092 Age,
599 2041 683 2089 dics
705 2043 834 2092 inquit.
895 2043 999 2080 Reus
1023 2043 1225 2091 implorare
1246 2044 1446 2082 hominum

128 2115 243 2156 atque
289 2108 404 2145 deum
443 2109 568 2154 fidem,
607 2116 648 2145 ut
686 2120 775 2146 cum
809 2108 969 2145 consilio
1003 2116 1264 2156 cognosceret.
1340 2109 1444 2147 Tum
1466 2127 1526 2149 100

127 2179 284 2221 repente
314 2173 383 2209 iste
411 2180 526 2210 testes
550 2173 653 2210 citari
683 2173 806 2209 iubet:
837 2172 927 2210 dicit
951 2184 1050 2209 unus
1080 2180 1116 2210 et
1144 2173 1235 2210 alter
1263 2174 1444 2213 breviter:

127 2237 220 2274 nihil
253 2237 531 2286 interrogatur:
574 2250 714 2287 praeco
749 2249 890 2275 mxrssa
922 2239 1153 2286 pronuntiat.
1213 2238 1301 2285 Iste,
1334 2242 1444 2288 quasi

127 2308 324 2347 metueret,
345 2315 393 2339 ne
421 2302 573 2340 Petilius
600 2304 744 2352 privato
772 2303 833 2340 illo
860 2303 1000 2340 iudicio
1026 2309 1217 2341 transacto
1237 2311 1301 2341 aut
1327 2305 1442 2343 dilato

128 2378 216 2403 cum
241 2367 375 2404 ceteris
402 2367 440 2404 in
460 2367 661 2404 consilium
687 2374 944 2414 reverteretur,
965 2368 1017 2405 ita
1042 2380 1252 2417 properans
1278 2369 1326 2407 de
1352 2370 1444 2409 sella
