1587 2533
147 121 228 161 114
318 110 325 121 ⁴
475 112 720 144 EXTRACTS
748 112 884 143 FROM
913 112 1091 143 CICERO.
1306 114 1384 144 Sect.
1400 114 1453 146 111.

146 216 304 265 Capuae
341 213 540 251 Victoria?
589 211 681 261 quid
727 219 832 248 ortus
879 211 1119 260 androgyni?
1164 223 1296 249 nonne
1342 212 1455 249 fatale

144 280 342 330 quoddam
363 286 577 315 monstrum
605 277 699 314 fuit?
739 275 856 322 Quid,
886 288 1007 324 quum
1034 275 1170 313 fluvius
1198 283 1339 314 atratus
1368 289 1456 314 san-

143 345 258 394 guine
287 343 420 380 fluxit?
459 341 560 391 quid,
591 353 711 390 quum
749 352 864 388 saepe
902 340 1084 389 lapidum,
1124 340 1320 388 sanguinis
1357 352 1457 377 non-

143 420 367 458 numquam,
406 413 526 443 terrae
564 405 767 450 interdum,
806 405 1003 453 quondam
1040 405 1154 442 etiam
1190 405 1299 442 lactis
1335 406 1458 442 imber

145 473 328 511 defluxit?
361 471 463 520 quid,
494 482 614 520 quum
641 470 682 506 in
709 469 899 518 Capitolio
929 470 1025 507 ictus
1055 468 1270 507 Centaurus
1298 482 1320 507 e
1349 470 1457 507 caelo

146 548 213 583 est,
235 539 274 574 in
303 536 495 573 Aventino
519 543 651 585 portae
679 542 716 572 et
743 534 932 580 homines,
955 534 1114 572 Tusculi
1143 535 1257 572 aedes
1287 534 1459 572 Castoris

1480 422 1537 452 145

145 610 182 640 et
214 601 391 645 Pollucis,
421 599 647 649 Romaeque
686 598 865 636 Pietatis?
912 611 1042 636 nonne
1080 606 1118 636 et
1153 598 1376 648 haruspices
1414 611 1459 636 ea
1488 587 1493 590 ’

145 666 438 715 responderunt,
467 676 564 713 quae
594 670 812 710 evenerunt,
842 670 879 701 et
906 665 947 702 in
976 664 1139 713 Sibyllae
1167 664 1270 702 libris
1300 664 1459 702 eaedem

145 738 316 780 repertae
335 729 616 779 praedictiones
636 730 749 767 sunt?

200 801 236 835 7.
268 795 456 833 Caeciliae
470 788 520 840 Q.
540 794 637 831 filiae
658 794 808 833 somnio
827 795 945 833 modo
966 795 1134 832 Marsico
1154 795 1254 833 bello
1274 795 1460 844 templum

146 869 203 899 est
223 873 245 898 a
265 869 400 898 senatu
420 859 561 897 Iunoni
582 859 756 908 Sospitae
776 860 998 897 restitutum.
1048 859 1167 905 Quod
1186 860 1343 909 quidem
1358 872 1460 898 som-

146 927 253 963 nium
285 925 449 962 Sisenna
478 936 597 974 quum
631 924 899 973 disputavisset
927 925 1083 961 mirifice
1112 925 1162 961 ad
1189 925 1347 961 verbum
1373 937 1459 962 cum

146 1003 187 1028 re
216 990 453 1035 convenisse,
483 997 613 1026 tamen
641 989 859 1033 insolenter,
893 990 1008 1027 credo
1042 990 1090 1027 ab
1116 989 1307 1038 Epicureo
1334 990 1460 1038 aliquo

146 1056 339 1100 inductus,
360 1054 527 1103 disputat
548 1054 707 1091 somniis
729 1053 831 1091 credi
857 1066 937 1091 non
957 1061 1145 1103 oportere.
1201 1054 1311 1091 Idem
1330 1063 1464 1091 contra

148 1127 300 1158 ostenta
319 1118 412 1155 nihil
433 1118 600 1167 disputat
621 1119 855 1167 exponitque
885 1119 992 1156 initio
1023 1119 1109 1156 belli
1131 1118 1287 1156 Marsici
1313 1125 1351 1156 et
1371 1119 1463 1156 deo-

148 1197 233 1223 rum
253 1184 454 1221 simulacra
474 1184 680 1229 sudavisse,
695 1190 732 1221 et
752 1184 980 1232 sanguinem
999 1184 1166 1230 fluxisse,
1187 1191 1222 1221 et
1242 1184 1464 1221 discessisse

150 1250 310 1295 caelum,
331 1255 368 1286 et
387 1261 434 1286 ex
455 1248 606 1286 occulto
634 1249 780 1286 auditas
806 1260 891 1286 esse
917 1260 1044 1294 voces,
1065 1261 1164 1298 quae
1190 1249 1357 1297 pericula
1375 1249 1464 1286 belli

149 1316 378 1359 nuntiarent,
393 1321 429 1351 et
444 1313 604 1350 Lanuvii
620 1313 789 1363 clypeos,
806 1313 912 1362 quod
928 1313 1192 1363 haruspicibus
1208 1313 1464 1351 tristissimum

150 1382 273 1419 visum
293 1387 404 1425 esset,
425 1392 447 1417 a
465 1380 636 1417 muribus
657 1391 740 1416 esse
761 1380 930 1417 derosos.

206 1451 245 1484 8.
275 1445 392 1493 Quid,
434 1444 539 1494 quod
585 1445 624 1481 in
666 1444 867 1482 annalibus
912 1444 1111 1490 habemus,
1154 1444 1305 1483 Veienti
1351 1444 1465 1489 bello,

152 1524 270 1564 quum
303 1512 407 1548 lacus
439 1510 613 1547 Albanus
651 1517 800 1558 praeter
838 1510 999 1547 modurn
1038 1510 1226 1554 crevisset,
1261 1509 1466 1547 Veientem

152 1576 360 1628 quemdam
398 1575 447 1612 ad
484 1586 556 1611 nos
596 1574 795 1611 hominem
834 1575 1003 1612 nobilem
1033 1575 1261 1624 profugisse,
1301 1587 1466 1624 eumque

153 1644 306 1688 dixisse,
327 1654 375 1679 ex
402 1641 487 1677 fatis
517 1652 615 1689 quae
644 1639 825 1678 Veientes
855 1641 994 1689 scripta
1021 1640 1205 1678 haberent
1232 1640 1352 1677 Veios
1382 1633 1467 1689 capi

152 1721 234 1747 non
266 1719 394 1757 posse,
425 1706 517 1743 dum
544 1705 649 1742 lacus
678 1705 710 1742 is
743 1705 993 1742 redundaret:
1032 1712 1079 1750 et,
1109 1706 1139 1743 si
1171 1705 1276 1742 lacus
1305 1706 1467 1743 emissus

153 1776 262 1824 lapsu
281 1781 318 1811 et
344 1783 457 1810 cursu
477 1782 547 1808 suo
575 1770 625 1807 ad
644 1782 748 1807 mare
769 1770 1021 1820 profluxisset,
1042 1771 1301 1820 perniciosum
1320 1770 1466 1819 populo

154 1840 361 1884 Romano3
391 1837 450 1874 sin
470 1843 597 1873 autem
617 1835 669 1872 ita
688 1842 789 1872 esset
809 1835 979 1881 eductus,
999 1843 1041 1873 ut
1066 1836 1115 1873 ad
1143 1848 1247 1873 mare
1273 1836 1469 1885 pervenire

156 1916 237 1942 non
265 1908 407 1952 posset,
428 1908 510 1937 tum
541 1899 704 1937 salutare
733 1900 872 1937 nostris
893 1899 1000 1938 sore?
1027 1900 1087 1936 Ex
1111 1912 1188 1949 quo
1216 1900 1278 1937 illa
1305 1900 1468 1937 admira-

153 1970 238 2007 bilis
258 1981 281 2005 a
299 1965 507 2004 maioribus
528 1965 703 2001 Albanae
724 1976 846 2013 aquae
874 1964 974 2002 facta
1003 1965 1181 2002 deductio
1210 1971 1278 2002 est.
1336 1964 1468 2010 Quum

155 2042 284 2073 autem
316 2031 499 2068 Veientes
531 2029 633 2066 bello
666 2028 756 2066 fessi
789 2029 937 2078 legatos
970 2030 1019 2067 ad
1057 2038 1232 2067 senatum
1265 2031 1467 2077 misissent,
1513 2047 1528 2055 -

155 2109 238 2139 tum
265 2110 314 2136 ex
342 2096 401 2133 his
430 2094 586 2144 quidam
616 2094 757 2131 dixisse
784 2094 929 2140 dicitur,
949 2107 1030 2132 non
1059 2096 1189 2132 omnia
1217 2095 1322 2132 illum
1350 2102 1469 2132 trans-

155 2166 288 2215 fugam
325 2173 461 2200 ausum
494 2171 578 2196 esse
619 2159 767 2196 senatui
797 2159 945 2196 dicere:
993 2159 1031 2196 in
1070 2160 1207 2197 iisdem
1243 2160 1346 2197 enim
1384 2159 1469 2197 fatis

157 2231 340 2279 scriptum
373 2225 554 2263 Veientes
588 2223 740 2268 habere,
774 2222 894 2260 ‘Fore
927 2230 969 2260 ut
997 2225 1102 2261 brevi
1132 2236 1154 2261 a
1189 2223 1308 2261 Gallis
1342 2223 1470 2261 Roma

157 2291 384 2345 caperetur:'
416 2288 521 2340 quod
555 2289 710 2338 quidem
742 2289 927 2327 sexennio
956 2296 1045 2339 post
1074 2288 1192 2327 Veios
1222 2296 1356 2338 captos
1384 2301 1468 2326 esse

158 2361 301 2399 factum
319 2359 503 2397 videmus.

1487 1382 1546 1414 160

1494 2363 1549 2395 ι75
