1587 2533
122 92 146 130 6
451 98 694 130 EXTRAcTS
723 100 784 130 FR
791 99 860 130 OM
889 100 1024 131 CICER
1031 100 1069 131 o.

121 193 341 246 discessero,
362 205 551 242 nusquam
573 199 636 230 aut
655 193 800 230 nullum
820 193 911 230 fore.
969 193 1053 230 Nec
1080 194 1195 238 enim,
1218 193 1311 231 dum
1331 205 1435 231 eram

121 259 328 303 vobiscum,
359 259 528 295 animum
560 271 690 295 meum
721 259 916 304 videbatis,
949 258 1015 295 sed
1048 270 1136 295 eum
1172 270 1255 295 esse
1289 259 1329 295 in
1362 259 1435 295 hoc

122 335 281 372 corpore
308 335 353 359 ex
380 323 423 359 iis
449 324 562 360 rebus
588 335 682 372 quas
707 324 888 371 gerebam
907 323 1185 371 intelligebatis.
1242 323 1435 360 Eumdem

121 390 233 438 igitur
265 400 348 425 esse
382 388 575 434 creditote,
609 388 722 424 etiam
756 388 786 424 si
820 388 965 424 nullum
993 388 1177 425 videbitis.
1236 387 1319 425 Nec
1347 400 1437 425 vero

123 455 307 492 clarorum
345 453 509 489 virorum
554 458 642 501 post
679 459 841 491 mortem
879 452 1047 489 honores
1085 459 1365 501 permanerent,
1407 453 1438 489 si

123 518 213 555 nihil
234 529 365 555 eorum
385 518 554 566 ipsorum
575 517 690 554 animi
714 517 917 562 efficerent,
938 529 1015 565 quo
1044 517 1182 554 diutius
1212 506 1437 555 memoriam

123 585 180 622 sui
210 590 436 620 teneremus.
496 583 591 619 Mihi
623 583 777 631 quidem
809 593 1019 630 numquam
1051 582 1270 631 persuaderi
1301 583 1436 631 potuit,

123 650 284 694 animos,
305 649 395 685 dum
415 649 454 685 in
481 648 704 696 corporibus
731 653 858 684 essent
885 647 1117 693 mortalibus,
1138 649 1283 693 vivere;
1315 660 1434 696 quum

122 716 288 753 exissent
308 726 354 751 ex
374 714 429 758 iis,
451 714 591 750 emori:
622 725 692 749 nec
711 724 801 749 vero
831 720 911 749 tum
942 713 1112 749 animum
1142 725 1226 750 esse
1255 713 1438 762 insipien-

124 787 209 825 tem,
232 791 350 827 quum
380 791 425 815 ex
455 778 647 827 insipienti
677 789 838 826 corpore
869 779 1068 824 evasisset;
1105 779 1173 816 sed
1193 791 1311 828 quum
1332 779 1439 815 omni

124 845 355 882 admixtione
383 844 555 892 corporis
575 843 753 879 liberatus
774 855 890 891 purus
910 849 946 879 et
966 843 1113 892 integer
1133 856 1216 880 esse
1238 843 1455 892 coepisset„

125 918 203 947 turn
236 921 319 946 esse
354 909 574 956 sapientem.
634 907 760 956 Atque
795 908 919 953 etiam,
954 920 1072 956 quum
1106 908 1273 945 hominis
1308 914 1442 945 natura

123 981 245 1012 morte
263 973 489 1018 dissolvitur,
509 979 720 1010 ceterarum
739 985 864 1009 rerum
885 973 1130 1022 perspicuum
1150 980 1206 1009 est
1227 985 1304 1022 quo
1326 985 1441 1021 quae-

124 1049 197 1086 que
232 1035 426 1082 discedat,
468 1036 608 1072 abeunt
642 1035 743 1071 enim
779 1035 864 1072 illuc
899 1035 1038 1080 omnia,
1073 1035 1174 1072 unde
1213 1043 1295 1072 orta
1333 1042 1442 1073 sunt:

124 1103 272 1141 animus
306 1108 433 1138 autem
469 1100 570 1137 solus
606 1112 677 1137 nec
717 1112 835 1148 quum
874 1100 981 1137 adest
1019 1112 1090 1137 1166
1127 1112 1246 1149 quum
1285 1100 1444 1138 discedit

125 1173 292 1217 apparet.
350 1166 431 1203 Iam
453 1178 542 1202 vero
564 1166 696 1202 videtis
717 1165 810 1201 nihil
832 1177 915 1202 esse
939 1166 1051 1202 morti
1078 1174 1155 1202 tam
1182 1165 1302 1202 simile
1329 1177 1444 1215 quam

126 1244 316 1270 somnum.
348 1231 464 1280 Atqui
486 1231 757 1268 dormientium
778 1231 894 1267 animi
915 1231 1080 1267 maxime
1101 1231 1293 1267 declarant
1313 1231 1445 1268 divini-

1461 663 1496 684 10

126 1305 242 1335 tatem
270 1308 401 1333 suam:
437 1296 557 1333 multa
581 1296 694 1341 enim,
717 1308 835 1344 quum
856 1295 1002 1332 remissi
1024 1302 1059 1332 et
1079 1295 1182 1332 liberi
1204 1302 1301 1341 sunt,
1323 1295 1447 1333 fut-ura
1465 1315 1504 1337 20

127 1362 375 1413 prospiciunt.
431 1361 491 1397 Ex
520 1373 597 1410 quo
627 1361 844 1409 intelligitur
867 1361 997 1410 quales
1022 1361 1135 1397 futuri
1162 1361 1244 1407 sint,
1266 1373 1384 1410 quum
1406 1373 1445 1397 se

127 1429 238 1478 plane
260 1427 430 1475 corporis
452 1426 611 1463 vinculis
631 1426 889 1463 relaxaverint.
947 1425 1088 1471 Quare,
1113 1426 1143 1462 si
1163 1426 1257 1464 haec
1277 1427 1327 1463 ita
1347 1434 1446 1473 sunt,

127 1495 181 1532 sic
202 1506 264 1530 me
286 1493 451 1537 colitote,
472 1499 512 1529 ut
533 1493 669 1529 deum:
701 1493 759 1529 sin
779 1504 856 1529 una
875 1498 932 1529 est
952 1492 1166 1529 interiturus
1188 1493 1336 1530 animus
1358 1505 1445 1530 cum

127 1571 301 1608 corpore,
324 1570 392 1594 vos
413 1564 542 1594 tamen
564 1557 657 1594 deos
679 1564 860 1602 verentes,
882 1557 946 1606 qui
973 1556 1072 1594 hanc
1098 1569 1255 1594 omnem
1282 1558 1445 1606 pulchri-

128 1625 299 1662 tudinem
322 1629 472 1659 tuentur
493 1629 529 1659 et
549 1629 696 1670 regunt,
718 1623 943 1659 memoriam
963 1622 1082 1659 nostri
1107 1622 1167 1671 pie
1192 1622 1445 1672 inviolateque

128 1687 346 1727 servabitis.'
403 1687 526 1737 Cyrus
547 1688 703 1736 quidem
722 1687 818 1724 haec
838 1688 1017 1724 moriens.

536 1818 576 1852 8.
618 1813 657 1849 T
651 1815 692 1851 lze
719 1813 818 1851 Las!
842 1813 1033 1851 Resource.
1085 1831 1094 1835 ·

184 1919 483 1970 Lacedaemonii
522 1918 699 1968 Philippo
737 1918 924 1955 minitanti
955 1931 1023 1967 per
1055 1918 1206 1964 litteras,
1240 1931 1281 1957 se
1315 1920 1446 1958 omnia

129 1973 226 2035 quae
260 1991 488 2022 conarentur
520 1984 807 2033 prohibiturum,
839 1983 1114 2033 quaesiverunt,
1146 1996 1236 2020 num
1272 1997 1312 2021 se
1345 1992 1444 2022 esset

129 2051 242 2104 etiam
270 2050 369 2087 mori
396 2050 665 2101 prohibiturus.

430 2182 471 2215 9.
514 2176 693 2214 Goodmss
716 2175 910 2226 preferred
933 2178 964 2211 lo
993 2173 1140 2212 Rz‘clzes.

184 2281 323 2319 Danda
370 2281 530 2318 omnino
579 2291 697 2329 opera
743 2286 799 2316 est
841 2286 881 2316 ut
919 2280 1026 2316 omni
1064 2279 1193 2328 generi
1232 2279 1445 2317 satisfacere

128 2347 343 2395 possimus3
403 2345 468 2383 sed
517 2346 547 2382 si
591 2357 651 2382 res
691 2345 730 2381 in
773 2345 1059 2381 contentionem
1096 2345 1231 2384 veniet.
1269 2338 1445 2381 nimirum

1465 1638 1502 1670 25
