1587 2533
511 112 683 140 ROMAN
711 110 896 140 ANECDo
904 109 996 138 TES.
1359 100 1409 149 ὅς)

89 204 205 248 deos,'
226 204 358 253 inquit,
381 205 506 241 ‘hunc
526 203 803 251 examplexaie.
846 202 1034 257 Dominus
1054 206 1134 247 est3
1167 198 1252 235 vicit
1272 197 1333 233 hic
1355 204 1402 241 te,

89 269 194 321 QG}
220 275 260 306 tu
289 281 391 307 nunc
421 267 613 325 animum?
671 267 774 305 ‘Cur
803 280 881 304 non
902 253 1075 311 desinisss
1108 264 1241 313 inquit,
1275 266 1406 307 ‘uxo1·‚

88 317 337 383 loquitquae
343 346 404 370 me
425 317 542 382 digna
561 344 640 370 non
661 333 776 370 sunt?
805 338 902 373 tace,
931 338 968 368 et
995 342 1093 383 quae
1118 327 1290 366 curanda
1320 332 1412 364 sunt

37 415 77 442 ,50
91 410 191 436 eura.
249 398 311 435 Tu
332 411 472 444 cessas,
489 398 581 435 mihi
601 399 728 444 vitam,
745 398 812 435 tibi
832 409 989 435 omnem
1009 397 1108 433 bene
1129 393 1278 431 vivendi
1299 404 1411 441 spem

90 476 177 501 mea
196 470 318 501 morte
339 464 510 513 eripere?
527 463 535 478 ¹
594 463 670 500 Iste
694 463 892 506 mulierem
913 461 1047 510 repulit
1066 462 1114 498 ab
1135 472 1175 497 se
1195 459 1411 496 lamentan-

90 534 168 565 tem
183 541 193 575 ;
223 529 272 566 illi
292 531 422 567 nescio
443 529 535 577 quid
555 528 749 578 incipienti
770 528 907 573 dicere,
928 527 1034 576 quod
1055 526 1215 576 dignum
1234 523 1414 561 videlicet

91 595 186 632 illius
206 595 339 633 virtute
359 600 470 641 esset,
489 595 660 644 gladium
681 595 719 631 in
739 595 854 631 latere
875 593 1017 632 defixit.

449 764 522 798 30.
564 759 768 798 Characler
796 759 844 808 (gf
866 758 1054 796 Lucullus.

145 864 333 914 Magnum
367 864 564 913 ingenium
598 863 642 902 L.
677 863 839 909 Luculli,
874 874 1139 912 magnumque
1178 862 1414 911 optimarum

90 931 224 967 artium
254 930 432 976 studium,
452 936 533 967 tum
563 930 692 967 omnis
721 929 884 966 liberalis
908 935 945 966 et
970 929 1087 977 digna
1112 927 1272 965 homine
1297 927 1415 964 nobili

90 996 137 1032 ab
166 1007 213 1032 eo
241 1002 423 1044 percepta
453 994 637 1041 doctrina,
659 995 797 1045 quibus
826 994 1066 1043 temporibus
1097 993 1234 1030 florere
1264 993 1303 1029 in
1332 992 1416 1029 foro

89 1061 255 1098 maxime
283 1061 418 1110 potuit,
449 1060 567 1098 caruit
595 1060 759 1098 omnino
797 1061 911 1097 rebus
950 1059 1119 1096 urbanis.
1205 1057 1259 1095 Ut
1299 1058 1415 1103 enim,

53 1144 70 1177 5
90 1126 301 1165 admodum
330 1126 566 1173 adolescens,
599 1139 688 1164 cum
722 1126 847 1173 fratre,
882 1126 964 1175 pari
993 1125 1134 1174 pietate
1165 1131 1202 1162 et
1231 1124 1418 1161 industria

93 1192 274 1243 praedito,
310 1198 488 1242 paternas
522 1192 742 1230 inimicitias
780 1204 924 1241 magna
963 1203 1050 1229 cum
1085 1190 1208 1239 gloria
1238 1196 1294 1227 est
1331 1201 1418 1239 per-

91 1264 256 1301 secutus,
286 1257 325 1294 in
353 1257 489 1294 Asiam
518 1263 698 1306 quaestor
732 1257 937 1306 profectus,
967 1257 1020 1293 ibi
1051 1255 1263 1305 permultos
1295 1267 1417 1293 annos

91 1321 304 1360 admirabili
324 1322 493 1371 quadam
513 1322 625 1359 laude
647 1322 867 1371 provinciae
887 1321 1051 1371 praefuit
1072 1335 1080 1358 :
1111 1321 1250 1358 deinde
1277 1322 1417 1359 absens

92 1388 212 1425 factus
242 1387 385 1434 aedilis,
415 1387 600 1425 continuo
627 1394 804 1437 praetor:
833 1387 972 1425 licebat
999 1387 1103 1425 enim
1132 1386 1294 1425 celerius
1322 1386 1417 1435 legis

34 1469 74 1492 ιο
92 1454 285 1504 praemio:
324 1460 413 1503 post
438 1454 478 1491 in
500 1453 697 1491 Africam:
737 1453 828 1492 inde
853 1454 903 1491 ad
927 1453 1195 1491 consulatum:
1225 1465 1343 1502 quem
1368 1453 1418 1490 ita

91 1520 208 1569 gessit
235 1525 278 1557 ut
314 1519 553 1568 diligentiam
591 1519 869 1557 admirarentur
908 1532 1056 1566 omnes,
1082 1519 1283 1569 ingenium
1324 1530 1417 1568 cog—

90 1591 305 1624 noscerent.
365 1584 459 1623 Post
487 1584 536 1623 ad
566 1584 868 1622 Mithridaticum
895 1584 1039 1622 bellum
1062 1585 1204 1622 missus
1232 1596 1255 1622 a
1285 1591 1416 1622 senatu

91 1663 172 1688 non
209 1651 330 1691 modo
365 1650 590 1699 opinionem
628 1650 716 1688 vicit
750 1651 926 1687 omnium
958 1662 1056 1700 quae
1089 1649 1138 1688 de
1171 1650 1305 1687 virtute
1338 1651 1418 1687 eius

90 1723 181 1763 erat,
203 1716 272 1754 sed
298 1716 413 1754 etiam
436 1715 599 1765 gloriam
630 1716 884 1765 superiorum.
942 1715 1064 1765 quue
1093 1727 1141 1753 eo
1168 1715 1238 1753 fuit
1266 1716 1417 1753 mirabi-

36 1784 174 1830 151ius‚
203 1783 309 1833 quod
342 1783 392 1820 ab
423 1794 470 1820 eo
504 1782 586 1820 laus
621 1782 867 1831 imperatoria
900 1773 988 1819 non*
1012 1781 1225 1819 admodum
1259 1794 1417 1831 exspec-

91 1849 250 1895 tabatur,
294 1848 358 1898 qui
400 1847 702 1886 adolescentiam
745 1848 785 1885 in
827 1847 974 1885 forensi
1019 1859 1148 1896 opera,
1192 1853 1417 1898 quaesturae

91 1914 311 1953 diuturnum
349 1921 511 1964 tempus,
545 1913 712 1952 Murena
749 1914 893 1951 bellum
933 1914 971 1951 in
1010 1913 1137 1951 Ponto
1176 1920 1344 1963 gerente,
1379 1915 1417 1951 in

90 1979 207 2017 Asiae
226 1991 322 2029 pace
342 1985 646 2029 consumpserat.
707 1979 783 2017 Sed
802 1979 1035 2017 incredibilis
1056 1979 1249 2028 quaedam
1275 1979 1417 2029 ingenii

89 2044 318 2094 magnitudo
366 2057 447 2082 non
495 2045 724 2083 desideravit
768 2045 977 2083 indocilem
1024 2057 1116 2083 usus
1165 2045 1416 2095 disciplinam.

33 2124 72 2146 20
90 2110 225 2160 Itaque
263 2122 384 2160 quum
427 2116 549 2148 totum
593 2111 664 2148 iter
705 2117 742 2148 et
782 2110 1066 2159 navigationem
1114 2111 1418 2160 consumpsisset

90 2176 228 2225 partim
267 2175 307 2213 in
346 2176 612 2225 percontando
653 2188 675 2213 a
713 2177 853 2225 peritis,
893 2177 1031 2226 partim
1069 2176 1109 2213 in
1147 2176 1261 2214 rebus
1299 2177 1417 2225 gestis

89 2240 271 2290 legendis,
292 2240 332 2278 in
352 2240 487 2279 Asiam
508 2241 629 2279 factus
650 2241 858 2290 imperator
879 2241 992 2288 venit,
1014 2254 1133 2292 quum
1160 2249 1261 2280 esset
1290 2241 1418 2281 Roma

89 2305 284 2356 profectus
304 2305 358 2343 rei
378 2306 548 2344 militaris
569 2307 682 2344 rudis.
725 2306 870 2344 Habuit
892 2308 995 2344 enim
1018 2307 1185 2345 divinam
1206 2308 1415 2357 quamdam

90 2372 314 2410 memoriam
352 2383 490 2418 rerum,
527 2372 731 2410 verborum
770 2373 955 2410 maiorem
994 2371 1239 2410 Hortensius.
1325 2372 1414 2415 Sed,

724 2451 746 2476 c
773 2452 789 2475 2
