1587 2533
506 111 680 143 RoMAN
707 111 992 144 ANECDOTES.
1355 105 1407 158 69

90 206 180 244 tiam
213 217 262 243 ne
296 203 436 242 diceret
467 205 676 250 recusavit3
727 204 932 261 ‘quamdiu
963 204 1216 264 iureiurando⁶
1242 204 1406 261 hostiurn

89 277 344 333 teneretuaerk—
334 282 422 322 non
453 282 536 307 esse
576 283 616 308 se
655 268 896 311 senatorem
971 258 1152 319 Atqu&
1149 270 1240 307 illud
1283 270 1407 311 etiam

91 335 117 387 (‘
134 336 170 374 O
191 335 346 373 stultum
376 325 763 380 hominemr‘d‘xerlt
792 307 994 386 quispiam,
1036 338 1097 372 ‘et
1131 342 1408 385 repugnantem

89 401 235 440 utilitati
255 412 369 438 suae.
362 401 369 428 ¹
384 398 410 449 ')
422 400 749 463 erivos,
760 402 931 455 negavit
933 413 1026 454 esse
1027 401 1149 454 utile:
1182 401 1288 438 ‘illos
1308 401 1409 438 enirn

34 487 72 508 20
92 466 355 504 adolescentes
376 477 460 502 esse
487 472 525 502 et
547 466 675 503 bonos
700 466 828 511 duces,
856 479 897 504 se
924 467 1000 504 iam
1027 448 1249 504 confectum
1279 478 1409 504 senec-

89 531 192 570 tute.’
249 530 369 568 Cuius
399 542 518 579 quum
543 531 718 568 valuisset
743 532 958 577 auctoritas,
987 532 1122 580 captivi
1149 532 1282 569 retenti
1310 538 1408 569 sunt.

89 599 171 650 ipse
197 595 478 651 Karthacrinem
508 595 637 632 rediit:
673 608 798 646 neque
822 609 911 633 eum
937 597 1071 634 caritas
1098 597 1240 646 patiiae
1261 598 1411 635 retinuit

88 674 160 699 nec
180 672 350 699 suorum.
339 626 631 709 3ὶῇΝθᾳῖἷιῖἷῖεἷῖεᾶ
653 668 733 698 turn
753 662 952 710 ignorabat
973 674 1012 699 se
1034 662 1083 699 ad
1104 662 1408 699 mudelissimum

88 728 240 765 hostem
259 733 297 764 et
317 727 366 764 ad
385 726 572 775 exquisita
593 727 778 776 supplicia
801 727 1014 776 proficisci;
1056 728 1124 781 sed
1149 729 1411 766 iusiurandum

32 813 70 844 25
89 792 396 847 conservandum
425 793 594 842 putabat.
653 792 786 842 Itaque
817 800 908 837 turn,
932 805 1051 842 quum
1077 793 1273 848 vigilando
1301 806 1413 835 neca<

89 859 211 905 batur,
236 864 315 896 erat
340 843 738 904 sti—‘melsoissffcausm
745 870 861 907 quam
882 858 913 895 si
938 858 1043 895 dorni
1078 852 1195 895 senex
1231 860 1411 907 captivus,

90 926 261 974 periurus
290 923 504 962 consularis
532 924 790 962 remansisset.
857 923 910 961 At
939 923 1061 970 stulte,
1092 925 1157 973 qui
1186 936 1266 962 non
1295 924 1412 962 modo

28 1019 30 1025 .
90 1002 170 1027 non
191 989 381 1028 censuerit
404 990 577 1038 captivos
606 989 858 1027 remittendos
879 1001 1011 1026 verum
1041 990 1156 1026 etiam
1183 990 1410 1027 dissuaserit.

90 1055 303 1102 Quomodo
324 1055 463 1093 stulte?
496 1055 661 1093 etiamne
682 1056 714 1094 si
733 1055 965 1104 reipublicae
988 1056 1253 1094 conducebat?
1284 1063 1411 1106 potest

32 1138 72 1170 30
91 1129 218 1159 autem
257 1120 363 1172 quod
402 1121 529 1159 inutile
569 1122 800 1171 reipublicae
841 1122 887 1159 sit
926 1121 964 1158 id
1003 1122 1181 1171 cuiquam
1220 1123 1290 1159 civi
1329 1135 1413 1160 esse

91 1187 178 1225 utile
193 1188 207 1225 ?

575 1295 636 1330 17.
675 1291 709 1329 A
744 1291 778 1330 C
777 1295 928 1330 onlrast

147 1390 224 1430 Sed
243 1397 284 1428 ut
302 1389 518 1428 laudandus
540 1390 742 1445 Regulus
733 1404 772 1428 1n
792 1392 1092 1451 conservando
1083 1405 1222 1430 1ure1u1
1225 1393 1338 1439 ando
1361 1394 1415 1432 sic

93 1457 227 1496 decem
246 1457 295 1494 illi
317 1469 414 1507 quos
435 1464 523 1506 post
545 1457 792 1495 Cannensem
814 1471 986 1507 pugnarn
1000 1448 1156 1496 iuratos
1172 1459 1220 1496 ad
1241 1467 1416 1497 senatum

92 1524 194 1561 misit
213 1522 412 1560 Hannibal
432 1535 471 1561 se
492 1523 530 1559 in
550 1529 672 1560 castra
697 1523 882 1561 redituros
910 1536 956 1561 ea
982 1537 1146 1574 quorum
1176 1525 1286 1574 potiti
1310 1532 1417 1562 eiant

93 1589 225 1635 Poeni,
242 1588 313 1626 nisi
334 1588 382 1626 de
402 1588 636 1626 redimendis
657 1589 814 1638 captivis
834 1587 1150 1638 impetravissent,
1168 1591 1198 1627 si
1219 1602 1299 1628 non
1319 1591 1416 1628 redi-

53 1673 70 1705 5
91 1660 211 1700 erunt,
231 1653 480 1703 vituperandi.
529 1653 590 1691 De
611 1654 748 1704 quibus
768 1667 849 1691 non
870 1666 1007 1692 omnes
1031 1667 1110 1692 uno
1134 1656 1263 1693 modo.
1313 1656 1417 1693 Nam

91 1718 285 1770 Polybius,
315 1719 444 1757 bonus
472 1726 605 1757 auctor
633 1720 672 1757 in
699 1720 842 1769 primis,
865 1721 1003 1762 scribit,
1023 1733 1070 1757 ex
1101 1721 1236 1758 decem
1260 1722 1416 1759 nobilis-

92 1786 209 1832 simis,
231 1785 296 1835 qui
315 1790 400 1822 tum
417 1791 526 1822 erant
546 1785 662 1830 missi,
685 1797 826 1822 novem
845 1786 1054 1831 revertisse,
1077 1799 1099 1823 a
1119 1793 1253 1824 senatu
1273 1800 1313 1824 re
1337 1800 1416 1825 non

91 1852 316 1902 impetrata:
363 1863 496 1897 unum,
535 1851 600 1900 qui
639 1850 767 1900 paullo
806 1857 894 1900 post
926 1863 1043 1901 quam
1073 1864 1250 1901 egressus
1283 1861 1363 1891 erat
1396 1867 1416 1892 e

92 1916 225 1956 castris
254 1916 427 1963 redisset,
449 1916 557 1967 quasi
591 1916 734 1967 aliquid
768 1923 870 1954 esset
899 1917 1051 1964 oblitus,
1084 1917 1236 1956 Rornae
1269 1931 1418 1958 reman-

37 2004 76 2028 10
92 1983 198 2021 sisse.
256 1981 399 2019 Reditu
429 1981 532 2019 enim
561 1982 599 2019 in
624 1988 747 2020 castra
770 1981 971 2019 liberatum
997 1995 1038 2021 se
1063 1995 1148 2022 esse
1174 1984 1417 2024 iureiurando

93 2047 433 2098 interpretabatur3
456 2060 537 2085 non
557 2054 657 2085 recte
668 2062 678 2096 3
706 2047 808 2085 fraus
828 2049 932 2085 enim
952 2050 1126 2099 astringit
1146 2062 1226 2088 non
1248 2051 1418 2090 dissolvit

91 2112 311 2164 periurium.
369 2111 456 2150 Fuit
475 2113 588 2162 igitur
608 2114 721 2151 stulta
741 2113 1133 2164 calliditas-perverse
1159 2116 1304 2155 imitata
1329 2131 1418 2167 pru-

95 2178 275 2217 dentiam.
342 2177 478 2228 Itaque
500 2179 665 2217 decrevit
686 2186 841 2217 senatus
861 2185 901 2216 ut
921 2180 981 2218 ille
1000 2187 1188 2219 veterator
1205 2188 1242 2219 et
1263 2183 1418 2221 callidus

93 2243 242 2281 vinctus
261 2242 311 2280 ad
331 2241 594 2282 Hannibalem
610 2245 820 2283 duceretur.
852 2245 929 2283 Sed
948 2246 1039 2284 illud
1060 2248 1283 2285 maximum.
1318 2248 1419 2286 Octo

39 2331 75 2363 15
93 2307 296 2346 hominum
316 2307 432 2346 millia
453 2310 605 2347 tenebat
626 2309 834 2358 Hannibal,
856 2323 934 2349 non
955 2324 1054 2362 quos
1074 2314 1112 2351 in
1133 2314 1213 2351 acie
1242 2315 1415 2364 cepisset,

95 2381 160 2413 aut
180 2373 245 2424 qui
267 2373 436 2423 periculo
462 2375 596 2413 mortis
621 2375 871 2426 diffugissent,
893 2379 961 2417 sed
987 2380 1051 2429 qui
1076 2380 1191 2419 relicti
1217 2381 1255 2417 in
1286 2382 1419 2420 castris
