1587 2533
110 119 159 146 10
453 114 698 146 EXTRACTS
726 114 862 145 FROM
889 114 1067 145 CICERO.

105 215 144 246 ut
163 209 316 246 vulnera
335 209 532 258 excipiant,
548 209 672 246 nullos
693 208 869 256 impetus,
886 206 1008 244 nullos
1029 207 1124 244 ictus
1144 203 1413 242 reformident?

105 273 251 311 Omitto
281 286 378 323 quae
408 274 597 323 perferant
626 285 799 322 quaeque
827 273 1016 321 patiantur
1039 270 1230 308 ambitiosi
1257 269 1414 306 honoris

105 351 228 381 causa,
246 339 366 375 laudis
388 339 544 376 studiosi
560 338 702 387 gloriae
722 338 852 386 gratia,
869 348 998 374 amore
1019 336 1163 373 incensi
1183 334 1412 383 cupiditatis.

105 404 220 440 Plena
239 404 313 440 vita
332 403 596 452 exemplorum
617 410 684 441 est.

454 555 518 589 15.
561 551 635 587 The
674 551 783 588 Value
810 551 859 600 of
878 552 1056 600 stsemory.

159 661 273 710 Apud
294 660 463 698 Graecos
484 661 599 698 fertur
618 662 824 699 incredibili
846 664 1012 711 quadam
1033 664 1296 711 magnitudine
1323 675 1416 701 con-

106 727 175 764 silii
203 734 315 775 atque
344 726 487 774 ingenii
515 725 759 763 Atheniensis
786 727 846 764 ille
880 727 996 764 fuisse
1029 727 1336 774 Themistocles;
1367 727 1416 764 ad

106 803 221 841 quem
241 791 397 840 quidam
425 791 560 828 doctus
586 791 705 828 homo
735 798 848 840 atque
875 793 914 828 in
938 793 1068 840 primis
1096 794 1262 830 eruditus
1289 804 1415 830 acces-

107 857 198 894 sisse
219 856 361 900 dicitur,
384 855 493 903 eique
513 862 630 892 artem
658 856 877 901 memoriae,
902 868 999 905 quae
1029 864 1109 894 tum
1137 858 1302 905 primum
1328 869 1416 906 pro-

107 922 305 965 ferebatur,
326 920 513 968 pollicitus
534 933 618 957 esse
640 933 679 958 se
699 921 922 958 traditurum
935 934 943 968 ;
976 934 1095 970 quum
1120 923 1179 959 ille
1207 923 1416 971 quaesisset
1435 938 1452 968 5

107 987 289 1036 quidnam
318 985 378 1021 illa
407 997 465 1022 ars
496 985 641 1022 efficere
671 992 814 1034 posset,
844 986 984 1024 dixisse
1014 987 1117 1023 illum
1148 987 1356 1032 doctorem,
1378 993 1418 1028 ut

108 1053 238 1091 omnia
258 1051 513 1096 meminisset;
553 1058 587 1087 et
613 1051 644 1088 ei
669 1050 972 1089 Themistoclem
1003 1053 1255 1101 respondisse,
1276 1053 1418 1101 gratius

108 1119 177 1156 sibi
198 1117 301 1154 illum
322 1128 405 1153 esse
435 1115 632 1161 facturum,
653 1116 683 1153 si
713 1128 753 1153 se
783 1117 953 1154 oblivisci
983 1129 1082 1166 quae
1101 1118 1220 1159 vellet.
1243 1130 1358 1166 quam
1387 1117 1417 1154 si

108 1183 327 1220 meminisse
348 1181 553 1218 docuisset.

447 1338 510 1372 16.
554 1333 592 1370 T
585 1334 628 1371 he
658 1332 782 1371 Secret
806 1335 853 1383 of
872 1334 1084 1383 Eloquence.

161 1446 272 1484 Actio
293 1445 332 1482 in
353 1444 517 1483 dicendo
537 1457 613 1481 una
633 1445 859 1482 dominatur.
901 1445 990 1482 Sine
1011 1445 1082 1483 hac
1103 1457 1274 1484 summus
1294 1453 1421 1484 orator

109 1525 192 1550 esse
213 1513 250 1548 in
272 1522 431 1547 numero
462 1510 567 1547 nullo
595 1517 732 1559 potest,
754 1510 957 1547 mediocris
986 1510 1058 1548 hac
1087 1511 1289 1548 instructus
1319 1523 1420 1548 sum-

109 1589 194 1615 mos
225 1588 338 1624 saepe
370 1587 559 1624 superare.
627 1575 729 1612 Huic
768 1576 910 1624 primas
950 1575 1099 1612 dedisse
1138 1575 1420 1614 Demosthenes

110 1643 253 1687 dicitur,
301 1652 420 1689 quum
466 1647 662 1688 rogaretur
700 1640 791 1689 quid
828 1641 867 1677 in
906 1640 1070 1677 dicendo
1109 1647 1208 1677 esset
1245 1642 1421 1689 primum,

109 1707 196 1744 huic
217 1706 414 1751 secundas,
435 1704 521 1742 huic
542 1706 678 1743 tertias.
738 1704 828 1750 Quo
856 1705 947 1742 mihi
977 1705 1111 1742 melius
1132 1706 1243 1742 etiam
1264 1707 1354 1743 illud
1373 1708 1422 1744 ab
1441 1741 1450 1749 ,

109 1771 302 1809 Aeschine
322 1770 465 1808 dictum
485 1769 602 1807 videri
623 1770 729 1815 solet,
752 1771 826 1819 qui,
849 1782 967 1820 quum
988 1777 1142 1819 propter
1170 1771 1419 1819 ignominiam

110 1836 235 1874 iudicii
256 1835 431 1873 cessisset
451 1835 612 1871 Athenis
633 1841 669 1872 et
693 1847 732 1872 se
758 1834 942 1872 Rhodum
969 1835 1203 1881 contulisset,
1224 1844 1381 1884 rogatus
1400 1849 1422 1873 a

109 1901 281 1946 Rhodiis,
316 1899 453 1948 legisse
487 1898 601 1936 fertur
631 1901 843 1937 orationem
875 1900 977 1937 illam
1011 1901 1203 1949 egregiam
1235 1913 1350 1950 quam
1383 1902 1422 1938 in

110 1965 400 2014 Ctesiphontem
430 1970 562 2001 contra
596 1964 901 2002 Demosthenem
935 1965 1102 2011 dixerat;
1138 1977 1214 2014 qua
1246 1966 1420 2014 perlecta,

109 2032 269 2082 petitum
290 2036 348 2067 est
369 2031 416 2067 ab
438 2041 485 2067 eo
512 2030 694 2078 postridie
718 2037 758 2066 ut
783 2030 925 2079 legeret
952 2031 1053 2067 illam
1080 2031 1192 2067 etiam
1219 2043 1317 2079 quae
1343 2038 1423 2069 erat
1444 2047 1481 2068 10

110 2106 243 2137 contra
271 2110 294 2135 a
320 2096 585 2135 Demosthene
613 2108 684 2146 pro
715 2096 963 2146 Ctesiphonte
994 2097 1119 2135 edita:
1160 2110 1275 2146 quam
1304 2110 1421 2147 quum

109 2163 331 2204 suavissima
356 2169 392 2200 et
419 2163 587 2200 maxima
606 2175 700 2200 voce
731 2162 893 2211 legisset,
920 2163 1193 2200 admirantibus
1227 2164 1419 2208 omnibus,

111 2234 120 2250 ‘
136 2228 318 2276 Quanto,’
337 2228 469 2277 inquit,
493 2227 637 2275 ‘magis
658 2227 948 2272 admiraremini,
971 2228 1000 2264 si
1022 2228 1219 2264 audissetis
1247 2228 1373 2276 ipsum
1390 2229 1398 2264 l
1413 2228 1422 2242 '

110 2295 171 2333 Ex
191 2306 267 2344 quo
288 2293 376 2331 satis
396 2292 631 2342 significavit,
650 2299 834 2341 quantum
855 2299 955 2329 esset
973 2293 1012 2328 in
1033 2293 1191 2337 actione,
1207 2293 1270 2341 qui
1284 2293 1422 2330 oratio-

110 2372 200 2398 nem
219 2359 396 2397 eamdem
416 2358 528 2396 aliam
548 2369 631 2395 esse
651 2363 809 2406 putaret,
831 2364 957 2394 actore
979 2363 1136 2394 mutato.
