1587 2533
532 88 702 118 ROMAN
733 87 1014 119 ANECDOTES.
1382 91 1433 133 59

565 291 606 326 9.
644 286 688 322 F
684 286 770 323 z'lz'al
793 286 828 325 A
822 286 984 337 ffectzson.

176 402 220 442 L.
250 402 412 449 Manlio,
441 401 488 440 A.
509 402 566 449 F„
595 414 714 452 quum
742 401 904 440 dictator
932 403 1073 450 suisset,
1100 402 1156 441 M.
1185 402 1436 452 Pomponius,

115 469 288 507 tribunus
341 468 476 518 plebis,
513 467 617 505 diem
650 467 754 514 dixit,
787 468 893 518 quod
912 470 944 506 is
965 481 1114 520 qaucos
1159 468 1231 506 sibi
1270 468 1351 505 dies
1389 467 1438 505 ad

117 535 341 573 dictaturam
370 533 580 583 gerendam
609 532 839 572 addidisset:
879 535 1149 574 criminabatur
1178 534 1305 580 etiam,
1332 532 1436 583 quod

116 599 249 638 Titum
295 599 426 646 filium,
464 598 529 648 qui
575 604 714 648 postea
759 604 816 636 est
854 599 1078 649 Torquatus
1126 599 1349 649 appellatus,
1389 599 1438 635 ab

81 682 97 713 5
115 666 335 705 hominibus
353 665 561 715 relegasset
588 671 625 703 et
651 664 725 702 ruri
745 664 915 704 habitare
935 667 1120 704 iussisset.
1178 665 1299 712 Quod
1319 677 1438 716 quum

116 732 322 770 audivisset
351 731 577 769 adolescens
608 730 706 768 filius
735 732 936 781 negotium
970 731 1140 770 exhiberi
1169 732 1278 782 patri,
1308 743 1438 770 accur-

116 797 208 835 risse
238 797 394 835 Roman
421 802 459 833 et
488 808 576 833 cum
606 796 730 845 prima
756 796 841 835 luce
868 797 1078 847 Pomponii
1108 797 1269 835 domum
1289 797 1439 834 venisse

118 862 262 900 dicitur.
321 860 393 899 Cui
422 873 542 911 quum
571 867 673 898 esset
701 862 927 909 nuntiatum,
956 863 1021 913 qui
1050 863 1156 900 illum
1184 863 1321 900 iratum
1351 862 1439 899 alla-

117 935 244 966 turum
277 927 327 964 ad
360 938 401 964 se
434 926 577 976 aliquid
606 933 741 964 contra
767 935 915 978 patrem
945 928 1200 974 arbitraretur,
1230 927 1391 966 surrexit
1419 940 1440 965 e

66 992 257 1033 101ectu10
284 992 518 1042 remotisque
548 992 695 1030 arbitris
724 992 771 1030 ad
792 1006 832 1031 se
857 993 1144 1031 adolescentem
1172 993 1281 1031 iussit
1300 993 1437 1031 venire.

119 1059 171 1098 At
199 1058 272 1106 ille,
291 1064 332 1096 ut
360 1058 558 1107 ingressus
587 1064 656 1105 est,
677 1058 879 1097 confestim
908 1059 1079 1109 gladium
1110 1060 1321 1103 destrinxit,
1337 1060 1442 1115 iura·
1475 1098 1477 1100 ,

119 1125 246 1175 vitque
275 1136 320 1182 se
332 1124 455 1174 illum
479 1123 609 1176 statim
627 1124 935 1182 interfecturum,
969 1125 1042 1163 nisi
1076 1125 1346 1176 iusiurandum
1371 1111 1443 1176 sibi

119 1176 300 1236 dedisset,
339 1201 381 1228 se
418 1195 568 1240 patrem
612 1190 772 1228 missum
809 1203 894 1229 esse
932 1190 1132 1229 sactulum.
1190 1191 1331 1228 Iuravit
1368 1191 1443 1229 hoc

120 1255 277 1295 coactus
323 1261 466 1293 terrore
513 1254 767 1304 Pomponius.
823 1255 923 1294 Rem
961 1256 1011 1293 ad
1054 1244 1259 1306 populum
1268 1244 1442 1294 detulit:

69 1336 103 1368 ¹5
122 1305 369 1366 dodiiiffiur
406 1320 476 1358 sibi
514 1332 630 1358 causa
668 1318 847 1359 desistere
885 1333 1044 1359 necesse
1082 1328 1204 1369 esset3
1253 1321 1444 1359 Manlium

122 1387 283 1424 missum
312 1386 412 1424 fecit.
468 1385 641 1422 Tantum
675 1387 911 1435 temporibus
945 1387 1016 1424 illis
1047 1386 1311 1425 iusiurandum
1345 1387 1444 1425 vale-

121 1453 198 1490 bat.
253 1452 383 1501 Atque
415 1450 477 1489 hic
511 1438 560 1489 T'.
581 1449 749 1489 Manlius
776 1452 808 1489 is
837 1458 905 1498 est,
925 1452 991 1502 qui
1024 1451 1074 1490 ad
1107 1452 1299 1490 Anienem
1333 1452 1444 1499 Galli,

123 1529 238 1568 quem
275 1517 324 1554 ab
362 1528 410 1555 eo
447 1523 680 1567 provocatus
724 1517 929 1564 occiderat,
967 1523 1104 1568 torque
1143 1518 1313 1556 detracto
1352 1530 1444 1567 cog-

123 1595 268 1621 nomen
297 1582 465 1620 invenit:
509 1581 615 1619 cuius
649 1582 759 1620 tertio
793 1583 995 1621 consulatu
1029 1583 1157 1621 Latini
1190 1584 1240 1621 ad
1268 1583 1445 1621 Veserim

66 1654 106 1684 το
123 1648 196 1687 fusi
233 1654 270 1686 et
299 1647 438 1698 fugati:
480 1659 647 1696 magnus
677 1647 732 1685 vir
763 1648 803 1685 in
841 1649 975 1698 primis
1006 1655 1044 1687 et
1074 1649 1140 1700 qui
1173 1649 1445 1700 perindulgens

123 1714 163 1752 in
182 1721 343 1766 patrem,
362 1714 466 1752 idem
487 1713 624 1751 acerbe
644 1725 797 1752 severus
816 1715 856 1752 in
876 1715 1007 1759 filium.

541 1853 609 1888 10.
647 1847 791 1887 Fabius
816 1848 1035 1888 lllaxz‘mus.

179 1952 267 2004 Ego
286 1952 338 2001 Q.
358 1952 587 2001 Maximum,
608 1966 698 1992 eum
721 1955 786 2004 qui
806 1954 1018 1992 Tarentum
1045 1955 1200 2005 recepit,
1221 1954 1447 1995 adolescens

126 2018 177 2057 ita
197 2019 311 2057 dilexi
339 2031 473 2058 senem
492 2026 534 2057 ut
553 2020 768 2071 aequalem.
824 2019 919 2058 Erat
941 2020 1045 2059 enim
1065 2021 1104 2058 in
1133 2021 1197 2059 illo
1217 2021 1297 2059 viro
1327 2023 1446 2060 comi-

126 2090 203 2123 tate
223 2085 381 2123 condita
402 2085 579 2134 gravitas,
600 2098 673 2124 nec
700 2092 876 2125 senectus
896 2098 1026 2124 mores
1051 2092 1284 2125 mutaverat:
1313 2099 1447 2137 quam-

126 2162 243 2201 quam
273 2163 362 2188 eum
391 2150 516 2190 colere
545 2152 656 2202 coepi
682 2164 763 2190 non
791 2152 1002 2191 admodum
1030 2153 1218 2202 grandem
1246 2160 1350 2200 natu,
1380 2154 1448 2192 sed

84 2229 103 2262 5
127 2222 258 2254 tamen
277 2216 355 2254 iarn
383 2223 508 2255 aetate
536 2224 776 2267 provectum.
831 2218 950 2257 Anno
979 2218 1083 2256 enim
1103 2225 1192 2269 post
1219 2220 1354 2257 consul
1374 2220 1448 2270 pri-

126 2293 236 2319 mum
273 2281 395 2320 fuerat
431 2294 548 2332 quam
581 2295 656 2332 ego
691 2290 804 2322 natus
837 2296 946 2332 sum;
993 2296 1160 2334 cumque
1192 2297 1240 2322 eo
1273 2291 1449 2335 quartum

128 2345 289 2386 consule
327 2347 635 2386 adolescentulus
681 2349 791 2388 miles
828 2349 878 2388 ad
915 2348 1090 2400 Capuam
1127 2349 1322 2400 profectus
1366 2363 1448 2389 sum
1488 2393 1495 2405 .
