1587 2533
123 103 164 134 11.
185 111 219 142 9.
357 89 528 130 ROME’S
558 98 683 129 RULE
716 98 773 128 OF
803 98 896 127 HER
929 97 1206 128 PROVINCES.
1362 97 1441 142 253

119 200 309 237 innocens
347 199 462 248 virgis
502 198 746 236 caederetur:
791 197 921 234 fefellit
959 196 1053 234 haec
1087 196 1266 233 homines
1297 195 1442 243 opinio.

120 264 249 313 Virgis
269 265 339 302 iste
361 264 537 302 caederet
557 264 639 301 sine
669 275 785 300 causa
806 263 954 300 socium
975 262 1109 311 populi
1137 261 1308 298 Romani
1329 267 1444 310 atque

120 330 316 367 amicum?
373 329 464 367 Non
485 341 606 378 usque
637 340 684 366 eo
718 328 938 377 improbus:
969 340 1050 364 non
1078 327 1209 364 omnia
1229 333 1317 364 sunt
1337 326 1376 362 in
1396 338 1443 362 eo

119 406 199 432 uno
228 395 340 432 vitia:
371 406 586 444 numquam
615 393 683 430 fuit
723 393 899 431 crudelis.
957 393 1112 430 Leniter
1142 392 1340 429 hominem
1370 391 1444 428 cle-

60 476 102 509 45
120 466 345 509 mentesque
375 460 533 509 accepit.
590 459 798 507 Equestres
829 465 917 496 sunt
946 459 1074 496 medio
1105 459 1143 494 in
1170 458 1254 495 foro
1282 457 1444 494 Marcel-

119 525 243 562 lorum
273 532 431 571 statuae,
454 526 562 563 sicuti
583 525 661 561 fere
688 525 822 562 ceteris
849 525 888 561 in
913 525 1066 574 oppidis
1089 525 1261 562 Siciliae:
1292 537 1340 561 ex
1361 525 1444 573 qui-

119 592 190 629 bus
230 592 299 629 iste
329 590 373 629 C.
395 590 567 628 Marcelli
597 596 761 627 statuam
791 589 942 639 delegit,
974 590 1080 626 cuius
1119 589 1244 627 officia
1273 589 1311 626 in
1341 589 1444 625 illam

120 657 309 694 civitatem
329 663 525 705 totamque
542 655 780 705 provinciam
796 655 1060 704 recentissima
1076 662 1183 692 erant
1199 661 1236 691 et
1251 655 1442 699 maxima;

118 721 159 758 in
178 734 224 759 ea
245 721 461 771 Sopatrum,
482 721 680 758 hominem
703 732 822 770 quum
854 720 959 757 domi
980 720 1160 765 nobilem,
1182 726 1263 756 tum
1289 731 1443 756 summo

61 801 102 834 50
118 787 343 836 magistratu
362 786 588 836 praeditum,
612 786 808 823 divaricari
831 798 875 822 ac
896 785 1052 834 deligari
1074 786 1186 822 iubet.
1245 784 1337 831 Quo
1359 797 1443 823 cru-

120 854 221 891 ciatu
250 854 296 891 sit
325 853 496 898 affectus,
526 852 654 889 venire
692 852 731 888 in
760 857 931 888 mentem
970 863 1129 888 necesse
1157 857 1214 888 est
1248 852 1442 897 omnibus,

118 931 239 968 quum
255 926 355 957 esset
370 919 518 956 vinctus
539 918 666 955 nudus
686 917 726 954 in
743 929 841 962 aere,
857 917 896 953 in
912 917 1033 962 imbri,
1053 917 1091 952 in
1108 916 1258 965 frigore.
1303 916 1443 966 Neque

117 991 248 1022 tamen
268 984 353 1022 finis
380 984 467 1021 huic
487 984 645 1021 iniuriae
666 982 954 1032 crudelitatique
983 982 1109 1027 fiebat,
1132 982 1257 1019 donec
1277 981 1443 1031 populus

118 1056 232 1099 atque
252 1050 429 1087 universa
448 1049 662 1094 multitudo,
685 1048 881 1085 atrocitate
905 1047 958 1084 rei
977 1047 1314 1096 misericordiaque
1336 1059 1442 1084 com-

60 1133 99 1166 55
117 1122 234 1162 mota,
255 1122 431 1153 senatum
460 1115 627 1152 clamore
657 1114 794 1163 coe'git,
816 1119 857 1150 ut
883 1113 917 1150 ei
945 1112 1189 1150 simulacrum
1218 1113 1310 1149 illud
1340 1112 1442 1149 Mer-

119 1181 210 1219 curii
231 1181 482 1230 polliceretur.
540 1179 770 1217 Clamabant
796 1178 876 1216 fore
902 1185 944 1215 ut
970 1179 1043 1227 ipsi
1072 1190 1112 1216 se
1133 1178 1184 1215 dii
1209 1178 1443 1216 immortales

117 1245 388 1284 ulciscerentur
409 1259 416 1282 :
473 1245 672 1282 hominem
719 1244 865 1281 interea
907 1244 1030 1293 perire
1071 1244 1318 1280 innocentem
1361 1256 1443 1281 non

117 1318 305 1361 oportere.
363 1311 468 1348 Tum
495 1310 674 1360 frequens
701 1316 857 1347 senatus
878 1310 927 1346 ad
957 1310 1072 1347 istum
1091 1310 1214 1346 venit:
1245 1309 1443 1359 pollicetur

117 1377 280 1426 signum.
337 1376 399 1414 Ita
421 1377 583 1425 Sopater
604 1375 651 1412 de
673 1382 796 1412 statua
817 1374 861 1412 C.
880 1374 1062 1418 Marcelli,
1080 1387 1199 1425 quum
1220 1375 1296 1412 iam
1317 1387 1441 1424 paene

58 1450 102 1484 60
117 1443 358 1492 obriguisset,
379 1442 441 1479 vix
461 1442 571 1479 vivus
590 1441 766 1478 aufertur.

173 1521 206 1557 3.
237 1507 331 1545 Non
351 1508 511 1557 possum
531 1506 715 1555 disposite
735 1506 850 1544 istum
871 1518 1063 1552 accusare,
1086 1506 1116 1543 si
1138 1507 1312 1555 cupiam:
1342 1518 1442 1556 opus

117 1581 174 1612 est
202 1585 284 1612 non
313 1573 439 1611 solum
468 1573 638 1622 ingenio,
668 1585 801 1609 verum
831 1573 946 1609 etiam
976 1571 1134 1610 artificio
1165 1573 1335 1622 quodam
1366 1573 1442 1610 sin-

116 1638 248 1688 gulari.
304 1637 438 1675 Unum
465 1636 541 1674 hoc
576 1637 720 1674 crimen
749 1637 896 1674 videtur
926 1649 1021 1682 esse,
1053 1644 1090 1674 et
1120 1650 1142 1674 a
1170 1649 1233 1674 me
1262 1649 1333 1686 pro
1362 1637 1442 1675 uno

116 1705 283 1754 ponitur,
305 1703 352 1741 de
372 1702 566 1741 Mercurio
587 1703 856 1751 Tyndaritano
875 1714 882 1739 ε
913 1702 1022 1753 plura
1043 1708 1141 1740 sunt.
1200 1702 1277 1740 Sed
1298 1715 1343 1740 ea
1363 1715 1442 1752 quo

58 1782 98 1824 ⁶5
116 1777 231 1820 pacto
260 1769 493 1819 distinguere
523 1780 567 1805 ac
593 1780 770 1817 separare
794 1769 953 1817 possim,
974 1769 1115 1805 nescio.
1173 1768 1241 1806 Est
1262 1769 1442 1817 pecunia-

116 1848 202 1874 rum
229 1841 437 1884 captarum‚
459 1833 565 1882 quod
596 1834 751 1882 signum
782 1846 804 1871 a
834 1833 947 1871 sociis
967 1834 1153 1882 pecuniae
1173 1846 1338 1883 magnae
1358 1847 1440 1872 sus-

116 1901 210 1939 tulit.
266 1899 337 1937 Est
356 1899 564 1948 peculatus,
586 1898 692 1947 quod
713 1899 911 1947 publicum
932 1899 1063 1948 populi
1086 1899 1253 1937 Romani
1275 1901 1440 1948 signum,

117 1967 165 2005 de
194 1965 337 2016 praeda
365 1964 533 2002 hostium
563 1970 730 2013 captum,
754 1964 925 2012 positum
953 1965 1192 2013 imperatoris
1222 1967 1341 2003 nostri
1371 1978 1441 2004 no-

116 2033 233 2078 mine,
262 2043 343 2068 non
373 2030 556 2068 dubitavit
585 2029 742 2066 auferre.
801 2029 870 2066 Est
899 2030 1116 2076 maiestatis,
1147 2031 1253 2080 quod
1291 2031 1440 2080 imperii

59 2115 101 2151 70
117 2098 238 2136 nostri
258 2096 400 2146 gloriae
420 2107 622 2145 rerumque
642 2102 837 2144 gestarum
857 2103 1111 2133 monumenta
1130 2103 1297 2133 evertere
1325 2103 1440 2146 atque

117 2169 314 2212 asportare
343 2172 457 2198 ausus
487 2167 555 2198 est.
603 2160 673 2198 Est
703 2161 866 2206 sceleris,
888 2161 993 2210 quod
1022 2161 1226 2210 religiones
1249 2163 1438 2200 maximas

117 2228 279 2266 violavit.
334 2227 404 2264 Est
425 2226 666 2271 crudelitatis,
689 2226 795 2276 quod
824 2226 864 2263 in
892 2226 1087 2264 hominem
1117 2228 1377 2273 innocentem,
1399 2228 1438 2265 in

118 2294 266 2332 socium
287 2299 462 2330 nostrum
489 2298 602 2341 atque
624 2292 802 2337 amicum,
824 2303 967 2329 novum
994 2299 1030 2330 et
1051 2293 1240 2342 singulare
1263 2293 1437 2342 supplicii

117 2371 240 2410 genus
261 2358 500 2407 excogitavit.
550 2357 648 2395 Illud
670 2369 756 2393 vcro
778 2356 869 2408 quid
890 2359 946 2404 sit,
969 2358 1045 2395 iam
1066 2370 1146 2396 non
1167 2370 1268 2409 queo
1289 2359 1436 2397 dicere:

764 2436 791 2463 ‘r
