1587 2533
559 103 731 135 ROMAN
758 104 1042 137 ANECDOTES.
1408 108 1429 151 7
1436 112 1460 154 3

369 280 439 315 20.
480 276 515 314 A
547 277 636 314 lz'llle
672 276 806 327 Wrong
818 277 894 326 sor
923 290 946 313 a
969 281 1080 326 great
1110 276 1222 315 Gaz'n.

195 397 241 438 C.
272 398 419 437 Marius
449 411 568 448 quum
598 411 620 436 a
649 411 717 448 spe
747 399 968 436 consulatus
997 399 1111 449 longe
1141 400 1300 445 abesset,
1322 406 1360 437 et
1384 400 1460 437 iam

141 465 349 514 septimum
383 477 528 502 annum
561 470 650 513 post
680 469 896 513 praeturam
931 465 1079 511 iaceret,
1115 477 1239 514 neque
1276 465 1461 514 petiturus

140 542 326 580 umquam
360 530 601 568 consulatum
631 529 828 575 videretur,
862 529 911 575 Q.
947 529 1145 567 Metellum
1177 531 1283 568 cuius
1313 531 1460 580 legatus

139 603 229 642 erat,
251 608 445 634 summum
467 596 589 632 virum
618 601 655 632 et
685 596 818 641 civem,
840 607 958 645 quum
979 597 1028 633 ab
1049 608 1107 642 eo,
1128 597 1357 645 imperatore
1378 609 1459 642 suo,

101 669 117 699 5
139 662 307 699 Romam
330 661 467 698 missus
494 666 603 703 esset,
634 660 737 709 apud
766 660 954 709 populum
988 660 1212 698 Romanum
1240 663 1460 700 criminatus

138 734 206 771 est,
238 727 401 765 ‘bellum
429 727 534 764 illum
564 726 725 772 ducere;
767 726 798 763 si
827 737 868 763 se
901 726 1100 763 consulem
1134 726 1324 773 fecissent,
1355 728 1459 765 brevi

136 800 309 842 ternpore
336 799 399 830 aut
418 792 543 829 vivum
564 797 627 829 aut
646 798 841 829 mortuum
862 791 1087 840 Iugurtham
1109 804 1149 830 se
1170 793 1207 829 in
1228 799 1457 842 potestatem

135 858 268 908 populi
297 857 465 896 Romani
493 856 759 895 redacturum?
815 856 950 907 Itaque
972 857 1093 895 factus
1123 865 1180 895 est
1208 859 1269 895 ille
1298 859 1454 907 quidem

136 923 280 969 consul,
319 923 387 960 sed
427 935 450 960 a
488 922 564 960 fide
604 922 819 971 iustitiaque
859 922 1045 968 discessit,
1085 923 1150 972 qui
1193 924 1383 972 optimum
1422 931 1459 962 et

81 1005 118 1028 10
134 989 399 1039 gravissimum
424 988 558 1034 civem,
579 987 685 1025 cuius
714 988 862 1036 legatus
891 994 928 1025 et
957 1000 979 1025 a
1008 1000 1086 1038 quo
1116 989 1256 1026 missus
1285 996 1397 1035 esset,
1418 991 1457 1027 in

52 1046 56 1049 ¹
133 1054 313 1093 invidiam
341 1054 437 1091 falso
468 1054 625 1091 crimine
653 1053 862 1091 adduxerit.
921 1052 984 1091 Ne
1004 1060 1134 1091 noster
1155 1055 1312 1104 quidem
1334 1054 1457 1093 Grati-

134 1120 268 1158 dianus
295 1119 422 1157 officio
448 1119 542 1156 boni
562 1119 629 1155 viri
655 1118 806 1157 functus
833 1125 892 1156 est
917 1125 1010 1165 tum,
1032 1131 1151 1168 quum
1171 1126 1325 1169 praetor
1345 1128 1456 1167 esset,

133 1186 414 1236 collegiumque
447 1191 667 1234 praetorum
701 1185 839 1222 tribuni
877 1185 979 1235 plebi
1013 1186 1288 1233 adhibuissent,
1322 1193 1363 1225 ut
1395 1199 1456 1225 res

50 1293 54 1297 K
132 1252 347 1290 nummaria
375 1251 424 1290 de
452 1252 649 1288 communi
680 1252 867 1289 sententia
896 1252 1210 1289 constitueretur:
1247 1253 1457 1291 iactabatur

78 1331 112 1363 15
133 1319 236 1356 enim
272 1317 510 1367 temporibus
548 1317 619 1354 illis
653 1329 835 1354 nummus
869 1318 934 1364 sic,
968 1324 1009 1355 ut
1043 1330 1160 1356 nemo
1194 1325 1327 1367 posset
1361 1320 1457 1357 seire

132 1384 225 1434 quid
261 1383 430 1421 haberet.
488 1383 812 1432 Conscripserunt
854 1384 1110 1421 communiter
1152 1385 1320 1422 edictum
1367 1398 1455 1423 cum

131 1462 259 1500 poena
290 1455 405 1499 atque
438 1448 593 1495 iudicio,
629 1449 983 1499 constitueruntque
1021 1456 1064 1487 ut
1101 1462 1238 1488 omnes
1273 1452 1383 1489 simul
1416 1453 1454 1489 in

130 1521 251 1553 rostra
281 1522 370 1565 post
399 1515 600 1552 meridiem
633 1515 896 1553 escenderent.
953 1515 1004 1553 Et
1033 1517 1146 1553 ceteri
1175 1516 1332 1565 quidem
1360 1518 1455 1556 alius

131 1581 226 1629 alio;
265 1581 413 1619 Marius
442 1582 492 1619 ab
521 1581 706 1619 subselliis
734 1582 773 1618 in
801 1588 924 1620 rostra
951 1589 1065 1629 recta,
1086 1583 1201 1632 idque
1225 1584 1331 1633 quod
1350 1596 1455 1622 com-

73 1663 113 1685 κο
130 1648 295 1686 muniter
341 1649 600 1698 compositum
647 1647 768 1685 fuerat
810 1648 915 1686 solus
958 1649 1086 1686 edixit.
1143 1649 1193 1686 Et
1230 1662 1276 1687 ea
1312 1663 1384 1698 res,
1423 1652 1455 1689 si

129 1715 292 1764 quaeris,
322 1715 357 1752 ei
386 1727 530 1764 magno
559 1714 698 1752 honori
727 1713 805 1752 fuit.
866 1714 1058 1758 Omnibus
1082 1715 1174 1752 vicis
1204 1722 1348 1754 statuae
1359 1730 1370 1764 ,·
1405 1718 1454 1755 ad

129 1793 195 1819 eas
225 1781 324 1827 thus,
359 1781 468 1819 cerei.
532 1779 639 1827 Quid
669 1780 814 1818 multa?
852 1793 969 1818 nemo
1003 1793 1190 1830 umquam
1223 1782 1454 1821 multitudini

129 1846 198 1884 fuit
235 1847 366 1885 carior.
435 1846 547 1884 Haec
577 1853 665 1884 sunt
694 1859 793 1896 quae
823 1848 1057 1884 conturbant
1086 1847 1262 1885 homines
1291 1849 1331 1886 in
1360 1850 1452 1887 deli-

129 1913 324 1950 beratione
352 1924 659 1962 nonnumquam,
689 1925 808 1962 quum
842 1913 881 1950 id
914 1913 953 1950 in
985 1925 1064 1962 quo
1095 1913 1255 1951 violatur
1283 1916 1453 1965 aequitas

61 1994 107 2027 ‘²5
128 1991 208 2017 non
246 1980 299 2017 ita
335 1991 532 2028 magnum,
572 1979 663 2017 illud
702 1979 976 2029 autem-quod
1014 1992 1061 2017 ex
1100 1992 1148 2017 eo
1186 1981 1329 2030 paritur
1366 1996 1450 2033 per-

126 2057 314 2094 magnum
339 2045 507 2082 videtur:
548 2051 590 2082 ut
623 2045 749 2082 Mario
783 2045 998 2094 praeripere
1033 2045 1189 2094 collegis
1223 2053 1259 2083 et
1291 2048 1451 2087 tribunis

126 2110 248 2160 plebis
275 2111 502 2160 popularem
532 2111 694 2159 gratiam
724 2122 803 2147 non
832 2111 884 2147 ita
909 2117 1029 2161 turpe,
1056 2111 1256 2149 consulem
1284 2114 1336 2151 ob
1364 2126 1450 2152 eam

125 2188 206 2213 rem
236 2175 326 2221 fieri,
357 2176 462 2225 quod
491 2176 563 2214 sibi
592 2182 673 2213 tum
703 2183 967 2225 proposuerat,
988 2177 1097 2214 valde
1125 2177 1215 2214 utile
1241 2178 1448 2218 videbatur.

127 2241 203 2281 Sed
233 2243 406 2280 omnium
435 2255 512 2280 una
539 2243 672 2292 regula
703 2250 770 2289 est,
802 2255 919 2292 quam
947 2244 1014 2281 tibi
1042 2244 1157 2293 cupio
1187 2256 1272 2282 esse
1300 2247 1448 2284 notissi-

70 2320 108 2351 30
125 2320 252 2346 mam:
292 2308 394 2346 ‘Aut
426 2308 518 2346 illud
557 2309 663 2358 quod
700 2309 790 2346 utile
821 2309 968 2346 videtur
997 2315 1106 2359 turpe
1136 2321 1185 2347 ne
1214 2310 1284 2352 sit;
1324 2319 1388 2349 aut
1416 2313 1447 2349 si

124 2379 232 2423 turpe
253 2380 310 2412 est
329 2386 378 2411 ne
397 2373 565 2412 videatur
586 2387 670 2412 esse
690 2375 800 2412 utile.'
