1587 2533
145 110 189 142 11.
209 119 242 150 4.
378 99 553 142 ROME’S
581 109 705 141 RULE
738 110 795 140 OF
822 110 918 140 HER
949 108 1228 140 PROVINCES.
1373 114 1455 159 237

85 225 122 259 75
142 209 174 247 si
202 209 269 246 tibi
297 208 374 247 hoc
403 221 636 260 quemquam
665 221 938 247 concessurum
966 210 1119 259 putasti,
1149 215 1185 247 te
1214 209 1253 246 in
1286 215 1464 258 praetura

140 281 255 324 atque
288 274 449 323 imperio
483 281 539 312 tot
572 286 643 320 res,
672 280 752 311 tam
784 276 984 324 pretiosas,
1020 287 1156 313 omnes
1190 274 1356 323 denique
1390 287 1462 320 res,

140 351 238 389 quae
276 340 433 378 alieuius
471 340 581 388 pretii
619 339 767 386 fuerint,
809 347 889 378 tota
927 353 974 378 ex
1012 340 1209 389 provincia
1247 340 1462 378 coemisse?

139 404 277 443 Videte
306 406 495 444 maiorum
521 405 768 454 diligentiam,
794 407 858 455 qui
888 406 1075 443 nihildum
1104 407 1218 444 etiam
1246 406 1463 443 istiusmodi

139 471 430 520 suspicabantur
442 484 452 518 3
481 478 743 509 verumtamen
763 484 819 517 ea,
841 484 940 521 quae
960 473 1085 521 parvis
1106 472 1145 509 in
1160 473 1274 509 rebus
1290 471 1462 508 accidere

78 541 121 572 80
137 542 324 586 poterant,
364 537 626 586 providebant.
683 536 903 583 Neminem,
942 538 1007 587 qui
1045 550 1134 575 eum
1171 544 1360 587 potestate
1398 542 1463 573 aut

136 603 328 651 legatione
358 602 397 640 in
425 603 661 652 provinciam
690 610 792 641 esset
821 604 1029 652 profectus,
1050 610 1128 641 tam
1159 610 1352 640 amentem
1380 602 1462 640 fore

136 674 373 718 putaverunt,
394 674 435 706 ut
458 675 600 706 emeret
625 676 838 718 argentum,
862 670 1040 720 (dabatur
1061 670 1164 706 enim
1193 669 1239 706 de
1260 668 1431 718 publico)
1452 681 1460 705 ε

136 740 178 771 ut
206 739 361 779 vestem,
384 732 653 782 (praebebatur
682 735 786 771 enirn
816 732 1006 785 legibus>z
1042 734 1278 782 mancipium
1307 739 1463 782 putave-

136 805 236 844 runt,
269 810 347 847 quo
381 805 418 835 et
455 810 591 836 omnes
625 799 776 845 utimur,
807 806 844 837 et
882 811 962 837 non
1001 801 1204 848 praebetur
1242 811 1265 836 a
1303 798 1460 848 populo.

76 870 115 911 85
139 864 366 910 Sanxerunt,
404 875 454 901 NE
490 875 576 907 Qurs
612 876 768 902 EMERET
806 877 1032 910 MANcrmuir,
1071 877 1145 902 N1sr
1182 876 1222 901 IN
1260 875 1463 902 DEMORTUI

136 941 280 967 Locum.
337 929 377 966 Si
415 929 479 978 qui
517 928 666 967 Romae
705 936 805 968 esset
845 930 1095 967 demortuus?
1138 930 1271 975 immo,
1305 929 1336 966 si
1375 929 1461 977 quis

136 994 292 1032 ibidem.
350 993 443 1032 Non
469 994 573 1031 enim
600 1001 636 1032 te
662 995 847 1033 instruere
878 995 1038 1032 domum
1065 1002 1170 1032 tuam
1196 995 1397 1032 voluerunt
1422 995 1461 1032 in

136 1059 342 1109 provincia,
372 1059 440 1097 sed
468 1060 573 1097 illum
601 1072 714 1098 usum
747 1061 965 1110 provinciae
997 1061 1186 1110 supplere.
1247 1059 1358 1106 Quae
1392 1060 1463 1097 fuit

136 1137 263 1170 causa,
284 1137 351 1162 cur
378 1130 457 1162 tam
486 1125 687 1174 diligenter
716 1138 788 1163 nos
818 1127 857 1163 in
886 1126 1093 1176 provinciis
1123 1126 1172 1163 ab
1202 1126 1462 1174 emptionibus

75 1206 120 1238 90
135 1190 400 1228 removerent?
458 1190 578 1236 Haec,
600 1191 756 1237 iudices,
774 1192 878 1242 quod
898 1193 1084 1242 putabant
1105 1191 1342 1240 ereptionem
1362 1204 1460 1238 esse,

134 1268 216 1293 non
245 1256 492 1306 emptionem,
513 1269 634 1306 quum
662 1248 848 1295 venditori
878 1269 949 1295 suo
979 1257 1161 1294 arbitratu
1187 1257 1352 1295 vendere
1381 1271 1462 1296 non

133 1321 273 1359 liceret.
330 1320 378 1358 In
402 1322 608 1371 provinciis
635 1322 909 1371 intelligebant,
931 1324 961 1360 si
988 1324 1031 1367 is,
1054 1325 1119 1373 qui
1147 1329 1246 1360 esset
1272 1335 1361 1360 cum
1391 1323 1461 1359 im-

133 1387 241 1436 perio
270 1399 315 1424 ac
342 1393 543 1436 potestate,
564 1388 669 1436 quod
699 1387 801 1436 apud
831 1400 1024 1438 quemque
1055 1395 1155 1426 esset
1184 1401 1311 1426 emere
1340 1389 1460 1434 vellet,

132 1452 248 1501 idque
286 1452 320 1489 ei
357 1452 496 1497 liceret,
527 1451 608 1490 fore
645 1453 710 1499 uti,
742 1450 848 1502 quod
888 1455 1050 1503 quisque
1089 1454 1210 1498 vellet,
1245 1454 1321 1491 sive
1361 1460 1462 1491 esset

73 1530 112 1561 95
133 1517 278 1563 venale,
298 1517 376 1554 sive
395 1529 476 1554 non
500 1523 612 1564 esset,
634 1518 764 1567 quanti
790 1518 901 1556 vellet
928 1519 1103 1556 auferret.
1161 1519 1274 1556 Dicet
1303 1518 1460 1568 aliquis:

133 1585 142 1602 ‘
159 1582 250 1620 Noli
276 1583 350 1620 isto
376 1582 494 1620 modo
521 1594 636 1631 agere
664 1594 752 1619 cum
778 1583 920 1621 Verre:
951 1584 1029 1621 noli
1057 1584 1139 1621 eius
1160 1584 1261 1621 facta
1288 1584 1336 1621 ad
1364 1585 1461 1622 anti-

132 1659 230 1698 quae
267 1648 461 1697 religionis
499 1648 687 1685 rationem
729 1648 949 1696 exquirere:
998 1649 1183 1694 concede,
1222 1655 1264 1686 ut
1301 1649 1459 1698 impune

130 1713 275 1759 emerit,
303 1713 422 1751 modo
457 1719 498 1750 ut
531 1714 635 1751 bona
668 1713 814 1751 ratione
849 1714 993 1760 emerit,
1025 1714 1116 1751 nihil
1151 1726 1222 1763 pro
1258 1720 1458 1763 potestate,

130 1779 222 1816 nihil
243 1779 292 1816 ab
311 1779 439 1824 invito,
461 1778 553 1816 nihil
573 1791 641 1828 per
660 1778 860 1815 iniuriam.’
903 1778 964 1816 Sic
985 1791 1109 1827 agam.
1153 1778 1191 1816 Si
1212 1779 1306 1828 quid
1326 1779 1459 1817 venale

51 1858 112 1880 100
130 1844 263 1881 habuit
283 1843 406 1881 Heius
418 1857 428 1891 ;
459 1845 490 1882 si
510 1844 558 1890 id,
581 1845 714 1894 quanti
734 1843 970 1890 aestimabat,
992 1845 1086 1882 tanti
1107 1836 1297 1882 v'endidit:
1323 1844 1458 1883 desino

131 1920 323 1958 quae1·,ere
345 1921 412 1946 cur
432 1909 579 1947 emeris.

186 1984 221 2021 5.
252 1972 358 2019 Quid
391 1974 503 2023 igitur
537 1974 649 2012 nobis
678 1974 904 2037 faciundum
927 1977 1019 2029 est?
1075 1975 1182 2013 Num
1221 1976 1457 2024 argumentis

130 2029 315 2079 utendum
347 2053 387 2078 1n
419 2053 460 2078 re
493 2033 730 2079 eiusmodi?
765 2042 1042 2089 Quaerendum
1072 2050 1140 2088 est,
1172 2044 1299 2088 credo,
1332 2042 1458 2079 Heius

129 2107 199 2144 iste
233 2117 326 2143 num
359 2118 424 2143 aes
453 2106 618 2143 alienum
647 2106 832 2153 habuerit,
863 2120 956 2145 num
985 2108 1205 2145 auctionem
1234 2107 1386 2145 fecerit:
1426 2108 1458 2144 si

24 2167 32 2172 ’
48 2188 108 2220 ¹05
129 2170 227 2216 fecit,
248 2182 341 2208 num
360 2177 466 2208 tanta
485 2171 685 2210 difficultas
707 2185 796 2209 eum
823 2173 874 2210 rei
897 2173 1133 2210 nummariae
1155 2174 1329 2218 tenuerit,
1350 2178 1458 2210 tanta

128 2243 290 2285 egestas,
316 2242 421 2273 tanta
449 2236 504 2274 vis
532 2238 722 2285 presserit,
749 2244 791 2274 ut
819 2238 1027 2275 sacrarium
1057 2250 1170 2275 suurn
1201 2238 1389 2287 spoliaret,
1417 2243 1459 2275 ut

128 2301 224 2338 deos
244 2301 388 2351 patrios
407 2302 598 2340 venderet.
655 2303 708 2339 At
728 2302 926 2340 hominem
945 2302 1059 2340 video
1080 2303 1299 2340 auctionem
1321 2302 1458 2340 fecisse

128 2365 294 2414 nullam;
324 2366 540 2405 vendidisse
566 2374 716 2417 praeter
736 2367 879 2406 fructus
908 2379 997 2405 suos
1024 2368 1117 2406 nihil
1137 2379 1348 2418 umquam;
1378 2379 1460 2407 non

784 2443 804 2470 s
