<?xml version="1.0" encoding="UTF-8"?>
<!DOCTYPE html PUBLIC "-//W3C//DTD XHTML 1.0 Transitional//EN"
    "http://www.w3.org/TR/xhtml1/DTD/xhtml1-transitional.dtd">
<html xmlns="http://www.w3.org/1999/xhtml" xml:lang="en" lang="en">
 <head>
  <title>
</title>
<meta http-equiv="Content-Type" content="text/html;charset=utf-8" />
  <meta name='ocr-system' content='tesseract 3.04.00' />
  <meta name='ocr-capabilities' content='ocr_page ocr_carea ocr_par ocr_line ocrx_word'/>
</head>
<body>
  <div class='ocr_page' id='page_1' title='image "./extractsfromcice00ciceuoft_0196.png"; bbox 0 0 1587 2533; ppageno 0'>
   <div class='ocr_carea' id='block_1_1' title="bbox 134 105 1444 159">
    <p class='ocr_par' dir='ltr' id='par_1_1' title="bbox 134 105 1444 159">
     <span class='ocr_line' id='line_1_1' title="bbox 134 105 1444 159; baseline 0.001 -13"><span class='ocrx_word' id='word_1_1' title='bbox 134 105 215 159; x_wconf 82' lang='lat'>176</span> <span class='ocrx_word' id='word_1_2' title='bbox 481 113 636 144; x_wconf 81' lang='lat' dir='ltr'><strong><em>EXTRA</em></strong></span> <span class='ocrx_word' id='word_1_3' title='bbox 646 113 726 144; x_wconf 80' lang='lat' dir='ltr'>cTs</span> <span class='ocrx_word' id='word_1_4' title='bbox 754 113 889 144; x_wconf 82' lang='lat' dir='ltr'><em>FROM</em></span> <span class='ocrx_word' id='word_1_5' title='bbox 917 113 1093 147; x_wconf 82' lang='lat' dir='ltr'><strong><em>CICERO.</em></strong></span> <span class='ocrx_word' id='word_1_6' title='bbox 1295 116 1444 147; x_wconf 77' lang='lat' dir='ltr'>sect.1v.</span> 
     </span>
    </p>
   </div>
   <div class='ocr_carea' id='block_1_2' title="bbox 119 212 1523 2410">
    <p class='ocr_par' dir='ltr' id='par_1_2' title="bbox 128 212 1519 576">
     <span class='ocr_line' id='line_1_2' title="bbox 130 212 1445 263; baseline 0 -12"><span class='ocrx_word' id='word_1_7' title='bbox 130 214 354 251; x_wconf 85' lang='lat' dir='ltr'>iudicantur.</span> <span class='ocrx_word' id='word_1_8' title='bbox 412 212 648 262; x_wconf 79' lang='lat' dir='ltr'>Nariumque</span> <span class='ocrx_word' id='word_1_9' title='bbox 675 212 763 249; x_wconf 90' lang='lat' dir='ltr'>item</span> <span class='ocrx_word' id='word_1_10' title='bbox 792 219 827 250; x_wconf 92' lang='lat' dir='ltr'>et</span> <span class='ocrx_word' id='word_1_11' title='bbox 852 213 1029 261; x_wconf 86' lang='lat' dir='ltr'>gustandi</span> <span class='ocrx_word' id='word_1_12' title='bbox 1049 212 1188 262; x_wconf 86' lang='lat' dir='ltr'>pariter</span> <span class='ocrx_word' id='word_1_13' title='bbox 1208 219 1243 251; x_wconf 91' lang='lat' dir='ltr'>et</span> <span class='ocrx_word' id='word_1_14' title='bbox 1264 214 1445 263; x_wconf 88' lang='lat' dir='ltr'>tangendi</span> 
     </span>
     <span class='ocr_line' id='line_1_3' title="bbox 130 276 1444 327; baseline 0.002 -13"><span class='ocrx_word' id='word_1_15' title='bbox 130 291 272 327; x_wconf 80' lang='lat' dir='ltr'>magna</span> <span class='ocrx_word' id='word_1_16' title='bbox 301 278 437 315; x_wconf 84' lang='lat' dir='ltr'>iudicia</span> <span class='ocrx_word' id='word_1_17' title='bbox 467 283 564 314; x_wconf 91' lang='lat' dir='ltr'>sunt.</span> <span class='ocrx_word' id='word_1_18' title='bbox 634 276 698 313; x_wconf 88' lang='lat' dir='ltr'>Ad</span> <span class='ocrx_word' id='word_1_19' title='bbox 735 288 833 325; x_wconf 89' lang='lat' dir='ltr'>quos</span> <span class='ocrx_word' id='word_1_20' title='bbox 872 289 1006 314; x_wconf 89' lang='lat' dir='ltr'>sensus</span> <span class='ocrx_word' id='word_1_21' title='bbox 1045 278 1254 326; x_wconf 87' lang='lat' dir='ltr'>capiendos</span> <span class='ocrx_word' id='word_1_22' title='bbox 1287 285 1323 316; x_wconf 89' lang='lat' dir='ltr'>et</span> <span class='ocrx_word' id='word_1_23' title='bbox 1359 291 1444 327; x_wconf 90' lang='lat' dir='ltr'>per-</span> 
     </span>
     <span class='ocr_line' id='line_1_4' title="bbox 129 342 1441 392; baseline 0.001 -13"><span class='ocrx_word' id='word_1_24' title='bbox 129 343 312 381; x_wconf 86' lang='lat' dir='ltr'>fruendos</span> <span class='ocrx_word' id='word_1_25' title='bbox 357 343 483 392; x_wconf 90' lang='lat' dir='ltr'>plures</span> <span class='ocrx_word' id='word_1_26' title='bbox 522 342 634 378; x_wconf 88' lang='lat' dir='ltr'>etiam</span> <span class='ocrx_word' id='word_1_27' title='bbox 673 353 788 390; x_wconf 91' lang='lat' dir='ltr'>quam</span> <span class='ocrx_word' id='word_1_28' title='bbox 826 342 960 378; x_wconf 89' lang='lat' dir='ltr'>vellem</span> <span class='ocrx_word' id='word_1_29' title='bbox 998 348 1096 379; x_wconf 84' lang='lat' dir='ltr'>artes</span> <span class='ocrx_word' id='word_1_30' title='bbox 1135 349 1304 391; x_wconf 83' lang='lat' dir='ltr'>repertae</span> <span class='ocrx_word' id='word_1_31' title='bbox 1343 351 1441 381; x_wconf 86' lang='lat' dir='ltr'>sunt.</span> 
     </span>
     <span class='ocr_line' id='line_1_5' title="bbox 129 407 1519 459; baseline 0 -13"><span class='ocrx_word' id='word_1_32' title='bbox 129 409 377 459; x_wconf 85' lang='lat' dir='ltr'>Perspicuum</span> <span class='ocrx_word' id='word_1_33' title='bbox 423 413 479 444; x_wconf 91' lang='lat' dir='ltr'>est</span> <span class='ocrx_word' id='word_1_34' title='bbox 524 407 626 443; x_wconf 92' lang='lat' dir='ltr'>enim</span> <span class='ocrx_word' id='word_1_35' title='bbox 674 418 751 456; x_wconf 90' lang='lat' dir='ltr'>quo</span> <span class='ocrx_word' id='word_1_36' title='bbox 799 407 1098 456; x_wconf 83' lang='lat' dir='ltr'>compositiones</span> <span class='ocrx_word' id='word_1_37' title='bbox 1144 415 1441 457; x_wconf 88' lang='lat' dir='ltr'>unguentorum,</span> <span class='ocrx_word' id='word_1_38' title='bbox 1458 417 1519 457; x_wconf 84' lang='lat'>365</span> 
     </span>
     <span class='ocr_line' id='line_1_6' title="bbox 128 472 1442 523; baseline 0.001 -13"><span class='ocrx_word' id='word_1_39' title='bbox 128 486 206 522; x_wconf 88' lang='lat' dir='ltr'>quo</span> <span class='ocrx_word' id='word_1_40' title='bbox 240 474 412 510; x_wconf 90' lang='lat' dir='ltr'>ciborum</span> <span class='ocrx_word' id='word_1_41' title='bbox 445 472 697 518; x_wconf 89' lang='lat' dir='ltr'>conditiones,</span> <span class='ocrx_word' id='word_1_42' title='bbox 723 483 800 521; x_wconf 90' lang='lat' dir='ltr'>quo</span> <span class='ocrx_word' id='word_1_43' title='bbox 832 484 1039 521; x_wconf 90' lang='lat' dir='ltr'>corporum</span> <span class='ocrx_word' id='word_1_44' title='bbox 1067 472 1258 510; x_wconf 88' lang='lat' dir='ltr'>lenocinia</span> <span class='ocrx_word' id='word_1_45' title='bbox 1286 485 1442 523; x_wconf 89' lang='lat' dir='ltr'>proces-</span> 
     </span>
     <span class='ocr_line' id='line_1_7' title="bbox 129 540 254 576; baseline -0.008 0"><span class='ocrx_word' id='word_1_46' title='bbox 129 540 254 576; x_wconf 81' lang='lat' dir='ltr'>serint.</span> 
     </span>
    </p>

    <p class='ocr_par' dir='ltr' id='par_1_3' title="bbox 119 602 1523 2410">
     <span class='ocr_line' id='line_1_8' title="bbox 181 602 1445 651; baseline -0.001 -10"><span class='ocrx_word' id='word_1_47' title='bbox 181 609 244 641; x_wconf 88' lang='lat'>15.</span> <span class='ocrx_word' id='word_1_48' title='bbox 274 603 357 640; x_wconf 92' lang='lat' dir='ltr'>Iam</span> <span class='ocrx_word' id='word_1_49' title='bbox 387 614 476 640; x_wconf 87' lang='lat' dir='ltr'>vero</span> <span class='ocrx_word' id='word_1_50' title='bbox 506 602 678 639; x_wconf 91' lang='lat' dir='ltr'>animum</span> <span class='ocrx_word' id='word_1_51' title='bbox 707 602 833 651; x_wconf 91' lang='lat' dir='ltr'>ipsum</span> <span class='ocrx_word' id='word_1_52' title='bbox 863 609 1109 651; x_wconf 81' lang='lat' dir='ltr'>mentemque</span> <span class='ocrx_word' id='word_1_53' title='bbox 1132 602 1312 649; x_wconf 89' lang='lat' dir='ltr'>hominis,</span> <span class='ocrx_word' id='word_1_54' title='bbox 1332 603 1445 641; x_wconf 88' lang='lat' dir='ltr'>ratio-</span> 
     </span>
     <span class='ocr_line' id='line_1_9' title="bbox 127 667 1444 717; baseline -0.001 -11"><span class='ocrx_word' id='word_1_55' title='bbox 127 682 228 714; x_wconf 91' lang='lat' dir='ltr'>nem,</span> <span class='ocrx_word' id='word_1_56' title='bbox 258 668 468 712; x_wconf 88' lang='lat' dir='ltr'>consilium,</span> <span class='ocrx_word' id='word_1_57' title='bbox 499 667 740 716; x_wconf 80' lang='lat' dir='ltr'>prudentiam</span> <span class='ocrx_word' id='word_1_58' title='bbox 775 667 838 716; x_wconf 92' lang='lat' dir='ltr'>qui</span> <span class='ocrx_word' id='word_1_59' title='bbox 872 680 952 704; x_wconf 92' lang='lat' dir='ltr'>non</span> <span class='ocrx_word' id='word_1_60' title='bbox 990 667 1116 704; x_wconf 84' lang='lat' dir='ltr'>divina</span> <span class='ocrx_word' id='word_1_61' title='bbox 1154 680 1243 705; x_wconf 90' lang='lat' dir='ltr'>cura</span> <span class='ocrx_word' id='word_1_62' title='bbox 1276 668 1444 717; x_wconf 90' lang='lat' dir='ltr'>perfecta</span> 
     </span>
     <span class='ocr_line' id='line_1_10' title="bbox 127 732 1523 782; baseline -0.001 -11"><span class='ocrx_word' id='word_1_63' title='bbox 127 746 212 772; x_wconf 87' lang='lat' dir='ltr'>esse</span> <span class='ocrx_word' id='word_1_64' title='bbox 231 733 422 782; x_wconf 85' lang='lat' dir='ltr'>perspicit,</span> <span class='ocrx_word' id='word_1_65' title='bbox 444 733 475 769; x_wconf 92' lang='lat' dir='ltr'>is</span> <span class='ocrx_word' id='word_1_66' title='bbox 496 732 553 769; x_wconf 90' lang='lat' dir='ltr'>his</span> <span class='ocrx_word' id='word_1_67' title='bbox 574 732 665 781; x_wconf 87' lang='lat' dir='ltr'>ipsis</span> <span class='ocrx_word' id='word_1_68' title='bbox 686 732 798 769; x_wconf 91' lang='lat' dir='ltr'>rebus</span> <span class='ocrx_word' id='word_1_69' title='bbox 818 732 911 768; x_wconf 89' lang='lat' dir='ltr'>mihi</span> <span class='ocrx_word' id='word_1_70' title='bbox 931 732 1080 769; x_wconf 84' lang='lat' dir='ltr'>videtur</span> <span class='ocrx_word' id='word_1_71' title='bbox 1100 745 1238 770; x_wconf 88' lang='lat' dir='ltr'>carere.</span> <span class='ocrx_word' id='word_1_72' title='bbox 1287 733 1443 778; x_wconf 87' lang='lat' dir='ltr'>Quanta</span> <span class='ocrx_word' id='word_1_73' title='bbox 1459 746 1523 778; x_wconf 84' lang='lat'>370</span> 
     </span>
     <span class='ocr_line' id='line_1_11' title="bbox 125 797 1444 849; baseline 0 -13"><span class='ocrx_word' id='word_1_74' title='bbox 125 800 292 849; x_wconf 90' lang='lat' dir='ltr'>primurn</span> <span class='ocrx_word' id='word_1_75' title='bbox 316 797 574 846; x_wconf 82' lang='lat' dir='ltr'>intelligentia,</span> <span class='ocrx_word' id='word_1_76' title='bbox 596 797 734 834; x_wconf 90' lang='lat' dir='ltr'>deinde</span> <span class='ocrx_word' id='word_1_77' title='bbox 761 798 1077 846; x_wconf 87' lang='lat' dir='ltr'>consequentium</span> <span class='ocrx_word' id='word_1_78' title='bbox 1105 810 1231 835; x_wconf 91' lang='lat' dir='ltr'>rerum</span> <span class='ocrx_word' id='word_1_79' title='bbox 1258 810 1346 835; x_wconf 91' lang='lat' dir='ltr'>cum</span> <span class='ocrx_word' id='word_1_80' title='bbox 1369 799 1444 848; x_wconf 89' lang='lat' dir='ltr'>pri-</span> 
     </span>
     <span class='ocr_line' id='line_1_12' title="bbox 125 861 1442 911; baseline -0.001 -10"><span class='ocrx_word' id='word_1_81' title='bbox 125 865 198 901; x_wconf 89' lang='lat' dir='ltr'>mis</span> <span class='ocrx_word' id='word_1_82' title='bbox 220 864 439 901; x_wconf 89' lang='lat' dir='ltr'>coniunctio</span> <span class='ocrx_word' id='word_1_83' title='bbox 457 869 494 899; x_wconf 92' lang='lat' dir='ltr'>et</span> <span class='ocrx_word' id='word_1_84' title='bbox 510 861 804 910; x_wconf 90' lang='lat' dir='ltr'>comprehensio</span> <span class='ocrx_word' id='word_1_85' title='bbox 822 868 879 899; x_wconf 82' lang='lat' dir='ltr'>est</span> <span class='ocrx_word' id='word_1_86' title='bbox 898 862 936 898; x_wconf 87' lang='lat' dir='ltr'>in</span> <span class='ocrx_word' id='word_1_87' title='bbox 957 863 1080 907; x_wconf 92' lang='lat' dir='ltr'>nobis,</span> <span class='ocrx_word' id='word_1_88' title='bbox 1095 875 1142 899; x_wconf 82' lang='lat' dir='ltr'>ex</span> <span class='ocrx_word' id='word_1_89' title='bbox 1163 875 1240 911; x_wconf 90' lang='lat' dir='ltr'>quo</span> <span class='ocrx_word' id='word_1_90' title='bbox 1260 863 1442 909; x_wconf 89' lang='lat' dir='ltr'>videlicet,</span> 
     </span>
     <span class='ocr_line' id='line_1_13' title="bbox 125 926 1443 979; baseline -0.002 -12"><span class='ocrx_word' id='word_1_91' title='bbox 125 930 217 979; x_wconf 91' lang='lat' dir='ltr'>quid</span> <span class='ocrx_word' id='word_1_92' title='bbox 246 941 293 966; x_wconf 85' lang='lat' dir='ltr'>ex</span> <span class='ocrx_word' id='word_1_93' title='bbox 323 929 536 977; x_wconf 79' lang='lat' dir='ltr'>quibusque</span> <span class='ocrx_word' id='word_1_94' title='bbox 565 929 676 964; x_wconf 89' lang='lat' dir='ltr'>rebus</span> <span class='ocrx_word' id='word_1_95' title='bbox 706 926 898 972; x_wconf 86' lang='lat' dir='ltr'>efficiatur,</span> <span class='ocrx_word' id='word_1_96' title='bbox 919 927 1034 975; x_wconf 89' lang='lat' dir='ltr'>idque</span> <span class='ocrx_word' id='word_1_97' title='bbox 1063 928 1220 974; x_wconf 84' lang='lat' dir='ltr'>ratione,</span> <span class='ocrx_word' id='word_1_98' title='bbox 1247 928 1443 966; x_wconf 92' lang='lat' dir='ltr'>concludi—</span> 
     </span>
     <span class='ocr_line' id='line_1_14' title="bbox 129 991 1442 1041; baseline -0.001 -10"><span class='ocrx_word' id='word_1_99' title='bbox 129 1007 237 1031; x_wconf 87' lang='lat' dir='ltr'>mus:</span> <span class='ocrx_word' id='word_1_100' title='bbox 269 993 513 1041; x_wconf 89' lang='lat' dir='ltr'>singulasque</span> <span class='ocrx_word' id='word_1_101' title='bbox 540 1004 600 1029; x_wconf 90' lang='lat' dir='ltr'>res</span> <span class='ocrx_word' id='word_1_102' title='bbox 632 992 834 1028; x_wconf 89' lang='lat' dir='ltr'>definimus</span> <span class='ocrx_word' id='word_1_103' title='bbox 861 991 1220 1041; x_wconf 87' lang='lat' dir='ltr'>circumscripteque</span> <span class='ocrx_word' id='word_1_104' title='bbox 1249 993 1442 1041; x_wconf 89' lang='lat' dir='ltr'>complec-</span> 
     </span>
     <span class='ocr_line' id='line_1_15' title="bbox 124 1056 1521 1108; baseline -0.002 -11"><span class='ocrx_word' id='word_1_105' title='bbox 124 1061 259 1106; x_wconf 87' lang='lat' dir='ltr'>timur;</span> <span class='ocrx_word' id='word_1_106' title='bbox 289 1071 336 1096; x_wconf 84' lang='lat' dir='ltr'>ex</span> <span class='ocrx_word' id='word_1_107' title='bbox 367 1071 444 1107; x_wconf 91' lang='lat' dir='ltr'>quo</span> <span class='ocrx_word' id='word_1_108' title='bbox 475 1058 632 1095; x_wconf 88' lang='lat' dir='ltr'>scientia</span> <span class='ocrx_word' id='word_1_109' title='bbox 661 1056 878 1105; x_wconf 84' lang='lat' dir='ltr'>intelligitur</span> <span class='ocrx_word' id='word_1_110' title='bbox 905 1068 1019 1105; x_wconf 91' lang='lat' dir='ltr'>quam</span> <span class='ocrx_word' id='word_1_111' title='bbox 1048 1057 1124 1093; x_wconf 91' lang='lat' dir='ltr'>vim</span> <span class='ocrx_word' id='word_1_112' title='bbox 1151 1057 1299 1102; x_wconf 83' lang='lat' dir='ltr'>habeat,</span> <span class='ocrx_word' id='word_1_113' title='bbox 1320 1058 1441 1108; x_wconf 85' lang='lat' dir='ltr'>qualis</span> <span class='ocrx_word' id='word_1_114' title='bbox 1459 1069 1521 1103; x_wconf 86' lang='lat'>375</span> 
     </span>
     <span class='ocr_line' id='line_1_16' title="bbox 126 1121 1444 1174; baseline -0.001 -12"><span class='ocrx_word' id='word_1_115' title='bbox 126 1127 183 1170; x_wconf 85' lang='lat' dir='ltr'>sit,</span> <span class='ocrx_word' id='word_1_116' title='bbox 205 1137 281 1174; x_wconf 88' lang='lat' dir='ltr'>qua</span> <span class='ocrx_word' id='word_1_117' title='bbox 301 1136 349 1161; x_wconf 88' lang='lat' dir='ltr'>ne</span> <span class='ocrx_word' id='word_1_118' title='bbox 370 1124 409 1160; x_wconf 91' lang='lat' dir='ltr'>in</span> <span class='ocrx_word' id='word_1_119' title='bbox 430 1124 503 1160; x_wconf 91' lang='lat' dir='ltr'>deo</span> <span class='ocrx_word' id='word_1_120' title='bbox 533 1122 688 1171; x_wconf 86' lang='lat' dir='ltr'>quidem</span> <span class='ocrx_word' id='word_1_121' title='bbox 716 1128 772 1158; x_wconf 91' lang='lat' dir='ltr'>est</span> <span class='ocrx_word' id='word_1_122' title='bbox 793 1133 851 1158; x_wconf 91' lang='lat' dir='ltr'>res</span> <span class='ocrx_word' id='word_1_123' title='bbox 873 1121 947 1158; x_wconf 84' lang='lat' dir='ltr'>ulla</span> <span class='ocrx_word' id='word_1_124' title='bbox 967 1122 1229 1170; x_wconf 82' lang='lat' dir='ltr'>praestantior.</span> <span class='ocrx_word' id='word_1_125' title='bbox 1287 1122 1444 1169; x_wconf 85' lang='lat' dir='ltr'>Quanta</span> 
     </span>
     <span class='ocr_line' id='line_1_17' title="bbox 125 1186 1442 1237; baseline -0.001 -11"><span class='ocrx_word' id='word_1_126' title='bbox 125 1202 214 1228; x_wconf 75' lang='lat' dir='ltr'>vero</span> <span class='ocrx_word' id='word_1_127' title='bbox 235 1189 296 1226; x_wconf 88' lang='lat' dir='ltr'>illa</span> <span class='ocrx_word' id='word_1_128' title='bbox 317 1195 415 1234; x_wconf 88' lang='lat' dir='ltr'>sunt,</span> <span class='ocrx_word' id='word_1_129' title='bbox 437 1188 542 1237; x_wconf 89' lang='lat' dir='ltr'>quod</span> <span class='ocrx_word' id='word_1_130' title='bbox 563 1194 598 1224; x_wconf 89' lang='lat' dir='ltr'>et</span> <span class='ocrx_word' id='word_1_131' title='bbox 620 1186 794 1224; x_wconf 87' lang='lat' dir='ltr'>sensibus</span> <span class='ocrx_word' id='word_1_132' title='bbox 815 1192 852 1222; x_wconf 88' lang='lat' dir='ltr'>et</span> <span class='ocrx_word' id='word_1_133' title='bbox 871 1186 1000 1222; x_wconf 86' lang='lat' dir='ltr'>animo</span> <span class='ocrx_word' id='word_1_134' title='bbox 1021 1198 1077 1231; x_wconf 88' lang='lat' dir='ltr'>ea,</span> <span class='ocrx_word' id='word_1_135' title='bbox 1099 1199 1198 1235; x_wconf 86' lang='lat' dir='ltr'>quae</span> <span class='ocrx_word' id='word_1_136' title='bbox 1218 1193 1324 1225; x_wconf 82' lang='lat' dir='ltr'>extra</span> <span class='ocrx_word' id='word_1_137' title='bbox 1343 1195 1442 1232; x_wconf 90' lang='lat' dir='ltr'>sunt,</span> 
     </span>
     <span class='ocr_line' id='line_1_18' title="bbox 123 1250 1444 1305; baseline -0.002 -13"><span class='ocrx_word' id='word_1_138' title='bbox 123 1255 354 1305; x_wconf 88' lang='lat' dir='ltr'>percipimus</span> <span class='ocrx_word' id='word_1_139' title='bbox 375 1260 488 1303; x_wconf 88' lang='lat' dir='ltr'>atque</span> <span class='ocrx_word' id='word_1_140' title='bbox 509 1251 891 1301; x_wconf 88' lang='lat' dir='ltr'>comprehendimus!</span> <span class='ocrx_word' id='word_1_141' title='bbox 939 1250 998 1287; x_wconf 83' lang='lat' dir='ltr'>Ex</span> <span class='ocrx_word' id='word_1_142' title='bbox 1019 1252 1156 1301; x_wconf 92' lang='lat' dir='ltr'>quibus</span> <span class='ocrx_word' id='word_1_143' title='bbox 1183 1252 1327 1290; x_wconf 89' lang='lat' dir='ltr'>collatis</span> <span class='ocrx_word' id='word_1_144' title='bbox 1347 1253 1444 1290; x_wconf 90' lang='lat' dir='ltr'>inter</span> 
     </span>
     <span class='ocr_line' id='line_1_19' title="bbox 125 1316 1441 1368; baseline -0.002 -10"><span class='ocrx_word' id='word_1_145' title='bbox 125 1334 165 1358; x_wconf 90' lang='lat' dir='ltr'>se</span> <span class='ocrx_word' id='word_1_146' title='bbox 199 1328 235 1357; x_wconf 92' lang='lat' dir='ltr'>et</span> <span class='ocrx_word' id='word_1_147' title='bbox 268 1319 498 1368; x_wconf 88' lang='lat' dir='ltr'>comparatis</span> <span class='ocrx_word' id='word_1_148' title='bbox 532 1325 630 1355; x_wconf 89' lang='lat' dir='ltr'>artes</span> <span class='ocrx_word' id='word_1_149' title='bbox 664 1329 818 1366; x_wconf 91' lang='lat' dir='ltr'>quoque</span> <span class='ocrx_word' id='word_1_150' title='bbox 853 1316 1049 1362; x_wconf 87' lang='lat' dir='ltr'>efficimus,</span> <span class='ocrx_word' id='word_1_151' title='bbox 1081 1317 1218 1367; x_wconf 89' lang='lat' dir='ltr'>partim</span> <span class='ocrx_word' id='word_1_152' title='bbox 1251 1318 1300 1354; x_wconf 87' lang='lat' dir='ltr'>ad</span> <span class='ocrx_word' id='word_1_153' title='bbox 1329 1330 1441 1355; x_wconf 90' lang='lat' dir='ltr'>usum</span> 
     </span>
     <span class='ocr_line' id='line_1_20' title="bbox 122 1382 1520 1435; baseline -0.002 -12"><span class='ocrx_word' id='word_1_154' title='bbox 122 1387 232 1431; x_wconf 88' lang='lat' dir='ltr'>vitae,</span> <span class='ocrx_word' id='word_1_155' title='bbox 253 1385 390 1435; x_wconf 90' lang='lat' dir='ltr'>partim</span> <span class='ocrx_word' id='word_1_156' title='bbox 411 1385 460 1421; x_wconf 89' lang='lat' dir='ltr'>ad</span> <span class='ocrx_word' id='word_1_157' title='bbox 480 1384 775 1421; x_wconf 89' lang='lat' dir='ltr'>oblectationem</span> <span class='ocrx_word' id='word_1_158' title='bbox 795 1382 1037 1420; x_wconf 87' lang='lat' dir='ltr'>necessarias.</span> <span class='ocrx_word' id='word_1_159' title='bbox 1077 1382 1160 1419; x_wconf 89' lang='lat' dir='ltr'>Iam</span> <span class='ocrx_word' id='word_1_160' title='bbox 1176 1395 1264 1420; x_wconf 85' lang='lat' dir='ltr'>vero</span> <span class='ocrx_word' id='word_1_161' title='bbox 1285 1383 1441 1422; x_wconf 88' lang='lat' dir='ltr'>domina</span> <span class='ocrx_word' id='word_1_162' title='bbox 1457 1394 1520 1433; x_wconf 84' lang='lat'>380</span> 
     </span>
     <span class='ocr_line' id='line_1_21' title="bbox 123 1447 1441 1498; baseline -0.002 -10"><span class='ocrx_word' id='word_1_163' title='bbox 123 1463 261 1495; x_wconf 88' lang='lat' dir='ltr'>rerum,</span> <span class='ocrx_word' id='word_1_164' title='bbox 292 1456 332 1487; x_wconf 88' lang='lat' dir='ltr'>ut</span> <span class='ocrx_word' id='word_1_165' title='bbox 366 1461 433 1486; x_wconf 87' lang='lat' dir='ltr'>vos</span> <span class='ocrx_word' id='word_1_166' title='bbox 461 1449 588 1486; x_wconf 90' lang='lat' dir='ltr'>soletis</span> <span class='ocrx_word' id='word_1_167' title='bbox 619 1448 755 1493; x_wconf 90' lang='lat' dir='ltr'>dicere,</span> <span class='ocrx_word' id='word_1_168' title='bbox 777 1447 983 1495; x_wconf 89' lang='lat' dir='ltr'>eloquendi</span> <span class='ocrx_word' id='word_1_169' title='bbox 1012 1448 1078 1493; x_wconf 90' lang='lat' dir='ltr'>vis,</span> <span class='ocrx_word' id='word_1_170' title='bbox 1100 1460 1216 1497; x_wconf 89' lang='lat' dir='ltr'>quam</span> <span class='ocrx_word' id='word_1_171' title='bbox 1246 1454 1303 1485; x_wconf 90' lang='lat' dir='ltr'>est</span> <span class='ocrx_word' id='word_1_172' title='bbox 1332 1461 1441 1498; x_wconf 90' lang='lat' dir='ltr'>prae-</span> 
     </span>
     <span class='ocr_line' id='line_1_22' title="bbox 123 1512 1441 1563; baseline -0.001 -10"><span class='ocrx_word' id='word_1_173' title='bbox 123 1517 234 1561; x_wconf 87' lang='lat' dir='ltr'>clara,</span> <span class='ocrx_word' id='word_1_174' title='bbox 264 1526 457 1563; x_wconf 85' lang='lat' dir='ltr'>quamque</span> <span class='ocrx_word' id='word_1_175' title='bbox 487 1514 633 1550; x_wconf 85' lang='lat' dir='ltr'>divina!</span> <span class='ocrx_word' id='word_1_176' title='bbox 669 1524 767 1561; x_wconf 85' lang='lat' dir='ltr'>quae</span> <span class='ocrx_word' id='word_1_177' title='bbox 796 1513 961 1561; x_wconf 86' lang='lat' dir='ltr'>primurn</span> <span class='ocrx_word' id='word_1_178' title='bbox 991 1512 1113 1558; x_wconf 85' lang='lat' dir='ltr'>efficit,</span> <span class='ocrx_word' id='word_1_179' title='bbox 1134 1519 1175 1549; x_wconf 92' lang='lat' dir='ltr'>ut</span> <span class='ocrx_word' id='word_1_180' title='bbox 1203 1520 1240 1550; x_wconf 89' lang='lat' dir='ltr'>et</span> <span class='ocrx_word' id='word_1_181' title='bbox 1268 1525 1313 1550; x_wconf 88' lang='grc'><strong>63</strong></span> <span class='ocrx_word' id='word_1_182' title='bbox 1343 1526 1441 1563; x_wconf 84' lang='grc'><strong>(11136</strong></span> 
     </span>
     <span class='ocr_line' id='line_1_23' title="bbox 123 1577 1438 1629; baseline -0.001 -11"><span class='ocrx_word' id='word_1_183' title='bbox 123 1582 344 1629; x_wconf 82' lang='lat' dir='ltr'>ignoramus</span> <span class='ocrx_word' id='word_1_184' title='bbox 366 1579 522 1623; x_wconf 90' lang='lat' dir='ltr'>discere,</span> <span class='ocrx_word' id='word_1_185' title='bbox 543 1584 580 1614; x_wconf 89' lang='lat' dir='ltr'>et</span> <span class='ocrx_word' id='word_1_186' title='bbox 599 1589 645 1614; x_wconf 86' lang='lat' dir='ltr'>ea</span> <span class='ocrx_word' id='word_1_187' title='bbox 665 1589 762 1626; x_wconf 88' lang='lat' dir='ltr'>quae</span> <span class='ocrx_word' id='word_1_188' title='bbox 792 1578 934 1614; x_wconf 91' lang='lat' dir='ltr'>scimus</span> <span class='ocrx_word' id='word_1_189' title='bbox 958 1577 1052 1614; x_wconf 81' lang='lat' dir='ltr'>alios</span> <span class='ocrx_word' id='word_1_190' title='bbox 1075 1577 1213 1614; x_wconf 90' lang='lat' dir='ltr'>docere</span> <span class='ocrx_word' id='word_1_191' title='bbox 1234 1578 1438 1627; x_wconf 89' lang='lat' dir='ltr'>possimus.</span> 
     </span>
     <span class='ocr_line' id='line_1_24' title="bbox 122 1642 1440 1691; baseline -0.002 -8"><span class='ocrx_word' id='word_1_192' title='bbox 122 1646 274 1683; x_wconf 91' lang='lat' dir='ltr'>Deinde</span> <span class='ocrx_word' id='word_1_193' title='bbox 302 1645 373 1682; x_wconf 89' lang='lat' dir='ltr'>hac</span> <span class='ocrx_word' id='word_1_194' title='bbox 403 1644 658 1688; x_wconf 88' lang='lat' dir='ltr'>cohortamur,</span> <span class='ocrx_word' id='word_1_195' title='bbox 678 1642 749 1679; x_wconf 89' lang='lat' dir='ltr'>hac</span> <span class='ocrx_word' id='word_1_196' title='bbox 779 1642 1066 1691; x_wconf 88' lang='lat' dir='ltr'>persuademus,</span> <span class='ocrx_word' id='word_1_197' title='bbox 1096 1642 1168 1680; x_wconf 89' lang='grc'><strong>1136</strong></span> <span class='ocrx_word' id='word_1_198' title='bbox 1197 1644 1440 1681; x_wconf 88' lang='lat' dir='ltr'>consolamur</span> 
     </span>
     <span class='ocr_line' id='line_1_25' title="bbox 122 1707 1515 1758; baseline 0 -10"><span class='ocrx_word' id='word_1_199' title='bbox 122 1711 294 1755; x_wconf 83' lang='lat' dir='ltr'>afflictos,</span> <span class='ocrx_word' id='word_1_200' title='bbox 316 1709 386 1747; x_wconf 90' lang='lat' dir='ltr'>hac</span> <span class='ocrx_word' id='word_1_201' title='bbox 416 1709 640 1746; x_wconf 88' lang='lat' dir='ltr'>deducimus</span> <span class='ocrx_word' id='word_1_202' title='bbox 669 1708 885 1757; x_wconf 88' lang='lat' dir='ltr'>perterritos</span> <span class='ocrx_word' id='word_1_203' title='bbox 915 1719 937 1744; x_wconf 93' lang='lat' dir='ltr'>a</span> <span class='ocrx_word' id='word_1_204' title='bbox 966 1707 1112 1752; x_wconf 89' lang='lat' dir='ltr'>timore,</span> <span class='ocrx_word' id='word_1_205' title='bbox 1134 1708 1206 1745; x_wconf 92' lang='lat' dir='ltr'>hac</span> <span class='ocrx_word' id='word_1_206' title='bbox 1233 1710 1438 1757; x_wconf 84' lang='lat' dir='ltr'>gestientes</span> <span class='ocrx_word' id='word_1_207' title='bbox 1455 1717 1515 1758; x_wconf 83' lang='lat'>385</span> 
     </span>
     <span class='ocr_line' id='line_1_26' title="bbox 123 1772 1437 1825; baseline -0.001 -12"><span class='ocrx_word' id='word_1_208' title='bbox 123 1776 423 1825; x_wconf 88' lang='lat' dir='ltr'>comprimimus,</span> <span class='ocrx_word' id='word_1_209' title='bbox 458 1774 530 1810; x_wconf 91' lang='lat' dir='ltr'>hac</span> <span class='ocrx_word' id='word_1_210' title='bbox 565 1773 788 1822; x_wconf 88' lang='lat' dir='ltr'>cupiditates</span> <span class='ocrx_word' id='word_1_211' title='bbox 818 1772 1108 1821; x_wconf 87' lang='lat' dir='ltr'>iracundiasque</span> <span class='ocrx_word' id='word_1_212' title='bbox 1142 1773 1437 1823; x_wconf 87' lang='lat' dir='ltr'>restinguimus;</span> 
     </span>
     <span class='ocr_line' id='line_1_27' title="bbox 122 1837 1440 1887; baseline -0.001 -9"><span class='ocrx_word' id='word_1_213' title='bbox 122 1842 218 1878; x_wconf 86' lang='grc'><strong>11366</strong></span> <span class='ocrx_word' id='word_1_214' title='bbox 245 1853 318 1878; x_wconf 91' lang='grc'><strong>1105</strong></span> <span class='ocrx_word' id='word_1_215' title='bbox 347 1840 448 1884; x_wconf 89' lang='lat' dir='ltr'>iuris,</span> <span class='ocrx_word' id='word_1_216' title='bbox 471 1839 611 1887; x_wconf 86' lang='lat' dir='ltr'>legum,</span> <span class='ocrx_word' id='word_1_217' title='bbox 631 1838 782 1875; x_wconf 88' lang='lat' dir='ltr'>urbium</span> <span class='ocrx_word' id='word_1_218' title='bbox 810 1838 989 1874; x_wconf 88' lang='lat' dir='ltr'>societate</span> <span class='ocrx_word' id='word_1_219' title='bbox 1010 1837 1187 1882; x_wconf 79' lang='lat' dir='ltr'>devinxit,</span> <span class='ocrx_word' id='word_1_220' title='bbox 1208 1838 1303 1876; x_wconf 89' lang='lat' dir='ltr'>haec</span> <span class='ocrx_word' id='word_1_221' title='bbox 1324 1851 1347 1876; x_wconf 87' lang='lat' dir='ltr'>a</span> <span class='ocrx_word' id='word_1_222' title='bbox 1365 1840 1440 1877; x_wconf 87' lang='lat' dir='ltr'>vita</span> 
     </span>
     <span class='ocr_line' id='line_1_28' title="bbox 122 1902 1440 1951; baseline -0.002 -8"><span class='ocrx_word' id='word_1_223' title='bbox 122 1906 280 1943; x_wconf 89' lang='lat' dir='ltr'>immani</span> <span class='ocrx_word' id='word_1_224' title='bbox 301 1911 338 1942; x_wconf 86' lang='lat' dir='ltr'>et</span> <span class='ocrx_word' id='word_1_225' title='bbox 359 1903 437 1940; x_wconf 86' lang='lat' dir='ltr'>sera</span> <span class='ocrx_word' id='word_1_226' title='bbox 458 1903 677 1951; x_wconf 86' lang='lat' dir='ltr'>segregavit.</span> <span class='ocrx_word' id='word_1_227' title='bbox 736 1902 800 1939; x_wconf 90' lang='lat' dir='ltr'>Ad</span> <span class='ocrx_word' id='word_1_228' title='bbox 820 1913 931 1938; x_wconf 91' lang='lat' dir='ltr'>usum</span> <span class='ocrx_word' id='word_1_229' title='bbox 956 1908 1083 1938; x_wconf 88' lang='lat' dir='ltr'>autem</span> <span class='ocrx_word' id='word_1_230' title='bbox 1102 1902 1296 1947; x_wconf 88' lang='lat' dir='ltr'>orationis,</span> <span class='ocrx_word' id='word_1_231' title='bbox 1317 1903 1440 1941; x_wconf 89' lang='lat' dir='ltr'>incre-</span> 
     </span>
     <span class='ocr_line' id='line_1_29' title="bbox 122 1966 1438 2016; baseline -0.002 -9"><span class='ocrx_word' id='word_1_232' title='bbox 122 1970 234 2007; x_wconf 87' lang='lat' dir='ltr'>dibile</span> <span class='ocrx_word' id='word_1_233' title='bbox 264 1976 331 2014; x_wconf 82' lang='lat' dir='ltr'>est‚</span> <span class='ocrx_word' id='word_1_234' title='bbox 351 1969 416 2005; x_wconf 90' lang='lat' dir='ltr'>ubi</span> <span class='ocrx_word' id='word_1_235' title='bbox 447 1968 644 2016; x_wconf 86' lang='lat' dir='ltr'>diligenter</span> <span class='ocrx_word' id='word_1_236' title='bbox 671 1966 887 2011; x_wconf 83' lang='lat' dir='ltr'>attenderis,</span> <span class='ocrx_word' id='word_1_237' title='bbox 908 1973 1050 2015; x_wconf 88' lang='lat' dir='ltr'>quanta</span> <span class='ocrx_word' id='word_1_238' title='bbox 1075 1979 1193 2015; x_wconf 89' lang='lat' dir='ltr'>opera</span> <span class='ocrx_word' id='word_1_239' title='bbox 1221 1967 1438 2006; x_wconf 89' lang='lat' dir='ltr'>machinata</span> 
     </span>
     <span class='ocr_line' id='line_1_30' title="bbox 121 2032 1516 2081; baseline -0.003 -8"><span class='ocrx_word' id='word_1_240' title='bbox 121 2042 256 2073; x_wconf 85' lang='lat' dir='ltr'>natura</span> <span class='ocrx_word' id='word_1_241' title='bbox 275 2035 331 2072; x_wconf 91' lang='lat' dir='ltr'>sit.</span> <span class='ocrx_word' id='word_1_242' title='bbox 389 2033 559 2070; x_wconf 89' lang='lat' dir='ltr'>Primum</span> <span class='ocrx_word' id='word_1_243' title='bbox 581 2032 683 2068; x_wconf 89' lang='lat' dir='ltr'>enim</span> <span class='ocrx_word' id='word_1_244' title='bbox 704 2044 725 2068; x_wconf 89' lang='lat' dir='ltr'>a</span> <span class='ocrx_word' id='word_1_245' title='bbox 745 2032 990 2080; x_wconf 90' lang='lat' dir='ltr'>pulmonibus</span> <span class='ocrx_word' id='word_1_246' title='bbox 1010 2032 1145 2068; x_wconf 87' lang='lat' dir='ltr'>arteria</span> <span class='ocrx_word' id='word_1_247' title='bbox 1164 2044 1285 2081; x_wconf 87' lang='lat' dir='ltr'>usque</span> <span class='ocrx_word' id='word_1_248' title='bbox 1314 2033 1362 2070; x_wconf 89' lang='lat' dir='ltr'>ad</span> <span class='ocrx_word' id='word_1_249' title='bbox 1390 2046 1435 2072; x_wconf 90' lang='lat' dir='ltr'>os</span> <span class='ocrx_word' id='word_1_250' title='bbox 1453 2048 1516 2080; x_wconf 85' lang='lat'>390</span> 
     </span>
     <span class='ocr_line' id='line_1_31' title="bbox 121 2097 1434 2149; baseline -0.001 -11"><span class='ocrx_word' id='word_1_251' title='bbox 121 2102 298 2138; x_wconf 89' lang='lat' dir='ltr'>intimum</span> <span class='ocrx_word' id='word_1_252' title='bbox 318 2100 489 2149; x_wconf 88' lang='lat' dir='ltr'>pertinet,</span> <span class='ocrx_word' id='word_1_253' title='bbox 511 2111 579 2148; x_wconf 88' lang='lat' dir='ltr'>per</span> <span class='ocrx_word' id='word_1_254' title='bbox 599 2110 714 2147; x_wconf 82' lang='lat' dir='ltr'>quam</span> <span class='ocrx_word' id='word_1_255' title='bbox 734 2110 820 2142; x_wconf 80' lang='lat' dir='ltr'>vox,</span> <span class='ocrx_word' id='word_1_256' title='bbox 841 2097 1068 2146; x_wconf 88' lang='lat' dir='ltr'>principium</span> <span class='ocrx_word' id='word_1_257' title='bbox 1090 2109 1111 2133; x_wconf 86' lang='grc'><strong>3</strong></span> <span class='ocrx_word' id='word_1_258' title='bbox 1130 2105 1258 2134; x_wconf 90' lang='lat' dir='ltr'>mente</span> <span class='ocrx_word' id='word_1_259' title='bbox 1281 2099 1434 2144; x_wconf 88' lang='lat' dir='ltr'>ducens,</span> 
     </span>
     <span class='ocr_line' id='line_1_32' title="bbox 120 2163 1436 2216; baseline -0.002 -13"><span class='ocrx_word' id='word_1_260' title='bbox 120 2167 326 2216; x_wconf 91' lang='lat' dir='ltr'>percipitur</span> <span class='ocrx_word' id='word_1_261' title='bbox 346 2172 382 2202; x_wconf 88' lang='lat' dir='ltr'>et</span> <span class='ocrx_word' id='word_1_262' title='bbox 406 2165 585 2202; x_wconf 88' lang='lat' dir='ltr'>funditur.</span> <span class='ocrx_word' id='word_1_263' title='bbox 643 2163 794 2200; x_wconf 88' lang='lat' dir='ltr'>Deinde</span> <span class='ocrx_word' id='word_1_264' title='bbox 823 2164 862 2200; x_wconf 90' lang='lat' dir='ltr'>in</span> <span class='ocrx_word' id='word_1_265' title='bbox 891 2175 957 2200; x_wconf 91' lang='lat' dir='ltr'>ore</span> <span class='ocrx_word' id='word_1_266' title='bbox 987 2163 1056 2200; x_wconf 88' lang='lat' dir='ltr'>sita</span> <span class='ocrx_word' id='word_1_267' title='bbox 1085 2163 1214 2211; x_wconf 85' lang='lat' dir='ltr'>lingua</span> <span class='ocrx_word' id='word_1_268' title='bbox 1242 2170 1309 2208; x_wconf 88' lang='lat' dir='ltr'>est,</span> <span class='ocrx_word' id='word_1_269' title='bbox 1331 2164 1436 2201; x_wconf 90' lang='lat' dir='ltr'>finita</span> 
     </span>
     <span class='ocr_line' id='line_1_33' title="bbox 121 2227 1433 2277; baseline -0.001 -9"><span class='ocrx_word' id='word_1_270' title='bbox 121 2232 309 2268; x_wconf 85' lang='lat' dir='ltr'>dentibus.</span> <span class='ocrx_word' id='word_1_271' title='bbox 346 2229 404 2267; x_wconf 89' lang='lat' dir='ltr'>Ea</span> <span class='ocrx_word' id='word_1_272' title='bbox 419 2241 554 2266; x_wconf 88' lang='lat' dir='ltr'>vocem</span> <span class='ocrx_word' id='word_1_273' title='bbox 571 2228 821 2266; x_wconf 80' lang='lat' dir='ltr'>immoderate</span> <span class='ocrx_word' id='word_1_274' title='bbox 842 2227 1037 2277; x_wconf 89' lang='lat' dir='ltr'>profusam</span> <span class='ocrx_word' id='word_1_275' title='bbox 1054 2228 1160 2276; x_wconf 87' lang='lat' dir='ltr'>fingit</span> <span class='ocrx_word' id='word_1_276' title='bbox 1181 2233 1216 2265; x_wconf 92' lang='lat' dir='ltr'>et</span> <span class='ocrx_word' id='word_1_277' title='bbox 1237 2229 1433 2267; x_wconf 85' lang='lat' dir='ltr'>terminat:</span> 
     </span>
     <span class='ocr_line' id='line_1_34' title="bbox 120 2293 1434 2345; baseline -0.002 -12"><span class='ocrx_word' id='word_1_278' title='bbox 120 2304 234 2345; x_wconf 88' lang='lat' dir='ltr'>atque</span> <span class='ocrx_word' id='word_1_279' title='bbox 265 2307 383 2333; x_wconf 87' lang='lat' dir='ltr'>sonos</span> <span class='ocrx_word' id='word_1_280' title='bbox 412 2295 516 2331; x_wconf 87' lang='lat' dir='ltr'>vocis</span> <span class='ocrx_word' id='word_1_281' title='bbox 547 2295 742 2332; x_wconf 88' lang='lat' dir='ltr'>distinctos</span> <span class='ocrx_word' id='word_1_282' title='bbox 773 2300 809 2330; x_wconf 89' lang='lat' dir='ltr'>et</span> <span class='ocrx_word' id='word_1_283' title='bbox 837 2304 991 2342; x_wconf 79' lang='lat' dir='ltr'>pressos</span> <span class='ocrx_word' id='word_1_284' title='bbox 1020 2293 1143 2337; x_wconf 85' lang='lat' dir='ltr'>efficit,</span> <span class='ocrx_word' id='word_1_285' title='bbox 1173 2305 1290 2341; x_wconf 88' lang='lat' dir='ltr'>quum</span> <span class='ocrx_word' id='word_1_286' title='bbox 1321 2300 1357 2331; x_wconf 89' lang='lat' dir='ltr'>et</span> <span class='ocrx_word' id='word_1_287' title='bbox 1385 2294 1434 2331; x_wconf 88' lang='lat' dir='ltr'>ad</span> 
     </span>
     <span class='ocr_line' id='line_1_35' title="bbox 119 2358 1510 2410; baseline -0.003 -10"><span class='ocrx_word' id='word_1_288' title='bbox 119 2363 253 2400; x_wconf 88' lang='lat' dir='ltr'>dentes</span> <span class='ocrx_word' id='word_1_289' title='bbox 283 2368 320 2399; x_wconf 88' lang='lat' dir='ltr'>et</span> <span class='ocrx_word' id='word_1_290' title='bbox 349 2361 397 2399; x_wconf 90' lang='lat' dir='ltr'>ad</span> <span class='ocrx_word' id='word_1_291' title='bbox 426 2360 517 2398; x_wconf 79' lang='grc'><strong>31115</strong></span> <span class='ocrx_word' id='word_1_292' title='bbox 546 2366 672 2410; x_wconf 87' lang='lat' dir='ltr'>partes</span> <span class='ocrx_word' id='word_1_293' title='bbox 701 2359 804 2409; x_wconf 86' lang='lat' dir='ltr'>pellit</span> <span class='ocrx_word' id='word_1_294' title='bbox 825 2360 909 2397; x_wconf 88' lang='lat' dir='ltr'>oris.</span> <span class='ocrx_word' id='word_1_295' title='bbox 966 2359 1100 2408; x_wconf 87' lang='lat' dir='ltr'>Itaque</span> <span class='ocrx_word' id='word_1_296' title='bbox 1121 2358 1251 2408; x_wconf 89' lang='lat' dir='ltr'>plectri</span> <span class='ocrx_word' id='word_1_297' title='bbox 1272 2359 1432 2396; x_wconf 88' lang='lat' dir='ltr'>similem</span> <span class='ocrx_word' id='word_1_298' title='bbox 1449 2370 1510 2404; x_wconf 80' lang='lat'>395</span> 
     </span>
    </p>
   </div>
  </div>
 </body>
</html>
