1587 2533
537 529 628 569 AN
679 527 1050 569 ARGUMENT

372 673 697 717 AGAINST,
742 672 1215 714 PROVIDENCE.

186 849 218 882 1.
249 843 413 882 Telamo
453 834 532 882 uno
580 857 687 882 versu
734 844 864 881 locum
911 850 1035 882 totum
1083 843 1248 888 conficit,
1288 855 1354 879 cur
1403 841 1451 878 dii

131 911 307 950 homines
336 912 554 962 negligant:

204 998 293 1029 Nam
316 997 343 1029 si
365 1002 485 1034 curent,
509 998 591 1029 bene
614 997 709 1029 bonis
733 998 784 1035 sit,
808 998 894 1028 male
917 997 1029 1034 malis3
1059 997 1147 1038 quod
1170 1007 1256 1028 nunc
1278 996 1379 1027 abest.

131 1075 336 1114 Debebant
373 1076 425 1113 illi
466 1074 622 1125 quidem
667 1088 803 1113 omnes
847 1076 975 1113 bonos
1018 1076 1178 1117 efficere,
1220 1076 1250 1112 si
1297 1075 1452 1123 quidem

94 1153 110 1182 5
131 1141 332 1179 hominum
361 1141 491 1190 generi
519 1140 794 1178 consulebant:
830 1141 888 1178 sin
919 1142 958 1178 id
983 1141 1121 1186 minus,
1151 1140 1263 1177 bonis
1295 1140 1451 1188 quidem

132 1213 233 1244 certe
252 1206 450 1244 consulere
472 1206 677 1243 debebant.
736 1205 814 1243 Cur
841 1206 955 1255 igitur
980 1207 1056 1243 duo
1089 1206 1302 1255 Scipiones,
1325 1204 1451 1241 sortis-

133 1272 252 1309 simos
292 1277 329 1309 et
366 1271 537 1320 optimos
574 1271 686 1315 viros,
727 1271 765 1307 in
804 1271 997 1320 Hispania
1042 1272 1196 1309 Poenus
1235 1270 1451 1319 oppressit?

132 1336 210 1374 Cur
243 1336 440 1374 Maximus
473 1335 604 1373 extulit
642 1335 759 1372 filium
789 1336 1059 1374 consularem?
1116 1335 1196 1373 Cur
1224 1335 1451 1372 Marcellum

131 1402 329 1440 Hannibal
366 1401 581 1439 interemit?
656 1400 736 1438 Cur
774 1400 944 1438 Paullum
987 1401 1145 1439 Cannae
1191 1400 1451 1438 sustulerunt?

74 1475 112 1497 10
130 1467 210 1505 Cur
245 1466 467 1504 Poenorum
505 1466 715 1504 crudelitati
756 1465 895 1515 Reguli
935 1479 1076 1516 corpus
1115 1473 1172 1504 est
1209 1465 1451 1515 praebitum?

131 1532 210 1571 Cur
255 1531 479 1570 Africanum
527 1531 726 1568 domestici
773 1532 937 1580 parietes
976 1544 1057 1570 non
1095 1531 1297 1569 texerunt?
1375 1529 1452 1567 Sed

130 1599 226 1636 haec
262 1603 400 1642 vetera,
434 1603 471 1634 et
509 1596 580 1634 aiia
617 1597 818 1645 permulta.
875 1596 1061 1647 Propiora
1098 1598 1309 1635 videamus.
1373 1593 1452 1632 Cur

131 1663 338 1701 avunculus
371 1675 492 1709 meus,
519 1661 573 1699 vir
605 1662 944 1699 innocentissimus
978 1663 1158 1711 idemque
1194 1661 1450 1705 doctissimus,

130 1727 172 1766 P.
208 1727 385 1774 Rutilius,
416 1728 456 1765 in
495 1727 629 1765 exsilio
669 1728 754 1765 est?
798 1739 864 1764 cur
903 1728 1045 1765 sodalis
1083 1739 1192 1764 meus
1231 1725 1452 1763 interfectus

75 1799 111 1831 Ι5
132 1793 238 1831 domi
272 1805 374 1840 suae,
394 1792 569 1830 Drusus?
600 1804 667 1829 cur
692 1793 966 1841 temperantiae
1000 1792 1301 1841 prudentiaeque
1329 1790 1452 1840 speci-

130 1870 222 1895 men
264 1865 352 1896 ante
395 1859 639 1896 simulacrum
681 1857 824 1895 Vestae
863 1858 1038 1907 pontifex
1075 1858 1267 1894 maximus
1305 1862 1363 1893 est
1400 1854 1450 1901 Q.

133 1922 318 1961 Scaevola
350 1923 582 1962 trucidatus?
613 1936 679 1962 cur
716 1930 803 1961 ante
837 1924 950 1960 etiam
981 1929 1037 1960 tot
1066 1922 1225 1960 civitatis
1259 1921 1452 1970 principes

131 2000 154 2025 a
174 1987 301 2026 Cinna
316 1988 558 2038 interempti?
589 2002 656 2027 cur
671 1989 846 2026 omnium
860 1988 1211 2037 perfidiosissimus,
1234 1986 1278 2024 C.
1293 1987 1451 2031 Marius,

132 2052 182 2100 Q,
205 2052 398 2098 Catulum,
433 2055 761 2103 praestantissima
799 2053 983 2102 dignitate
1021 2053 1154 2098 virum,
1193 2052 1291 2089 mori
1329 2051 1453 2100 potuit

74 2134 114 2156 20
132 2121 288 2158 iubere?
344 2118 438 2157 Dies
459 2119 620 2165 deficiat,
643 2120 673 2157 si
693 2120 805 2156 velim
826 2130 1036 2164 numerare,
1059 2119 1197 2168 quibus
1221 2117 1333 2155 bonis
1354 2117 1453 2154 male

132 2186 309 2232 evenerit,
348 2197 420 2223 nec
466 2185 606 2232 minus,
647 2184 680 2222 si
726 2196 1042 2230 commemorem,
1082 2185 1221 2233 quibus
1268 2182 1454 2232 improbis

131 2251 288 2301 optime.
346 2250 425 2289 Cur
462 2251 565 2288 enim
593 2250 740 2288 Marius
777 2256 856 2287 tam
894 2249 1050 2287 feliciter
1078 2249 1284 2298 septimum
1318 2246 1454 2284 consul

132 2318 239 2356 domi
269 2329 360 2355 suae
395 2329 513 2355 senex
544 2322 600 2354 est
633 2317 832 2354 mortuus?
867 2327 934 2353 cur
963 2315 1138 2353 omnium
1170 2313 1454 2353 crudelissimus

131 2389 212 2421 tam
239 2382 304 2421 diu
333 2382 460 2421 Cinna
487 2381 697 2432 regnavit?
