1587 2533
161 119 205 151 11.
228 117 262 151 6.
394 109 567 149 ROME'S
595 119 721 149 RULE
752 119 810 149 OF
839 118 934 148 HER
966 118 1245 149 PROVINCES.
1404 121 1485 164 243

160 225 217 257 ret
237 231 281 257 ac
301 226 489 269 posceret.
546 219 626 266 Ille,
647 217 712 268 qui
740 218 802 256 illa
822 230 903 256 non
923 217 1062 256 invitus
1088 217 1256 264 haberet,
1277 219 1486 267 respondet

103 297 142 320 10
160 283 331 333 Lilybaei
351 297 392 323 se
413 297 492 323 non
512 284 666 330 habere,
687 284 844 321 Melitae
867 284 970 333 apud
992 283 1199 334 quemdam
1221 284 1484 334 propinquum

159 361 272 387 suum
293 351 501 400 reliquisse.
560 349 666 387 Tum
694 349 764 387 iste
795 350 981 387 continuo
1010 349 1123 387 mittit
1151 349 1329 387 homines
1357 357 1484 387 certos

158 413 355 454 Melitam:
394 417 524 454 scribit
558 415 608 453 ad
637 414 827 465 quosdam
867 414 1102 462 Melitenses,
1131 422 1172 452 ut
1200 427 1246 452 ea
1274 427 1365 453 vasa
1397 427 1483 465 per-

158 481 310 530 quirant
330 494 339 519 z
369 488 481 530 rogat
502 481 730 527 Diodorum,
747 488 788 518 ut
809 481 858 517 ad
879 481 982 517 illum
1004 481 1265 530 propinquum
1286 492 1397 517 suum
1419 481 1484 518 det

156 545 320 584 litteras:
351 547 444 584 nihil
474 547 508 584 ei
538 546 692 596 longius
721 546 930 592 videbatur,
953 559 1070 595 quam
1100 546 1192 583 dum
1222 546 1313 583 illud
1339 546 1484 584 videret

98 625 136 658 15
156 620 371 661 argentum.
421 612 629 658 Diodorus,
646 612 764 649 horno
785 611 882 660 frugi
903 624 948 649 ac
969 611 1141 661 diligens,
1158 612 1220 661 qui
1244 624 1312 650 sua
1332 624 1483 650 servare

154 678 276 724 vellet,
303 678 525 727 propinquo
557 689 626 715 suo
658 677 797 723 scribit,
824 684 865 714 ut
894 677 950 722 iis,
972 677 1037 726 qui
1066 689 1088 714 a
1116 676 1236 714 Verre
1275 678 1480 723 venissent,

152 743 417 792 responderet,
447 743 540 780 illud
579 728 781 792 argentum
820 754 861 779 se
901 743 1033 791 paucis
1062 742 1133 780 illis
1168 743 1302 780 diebus
1331 744 1482 781 misisse

153 808 391 859 Lilybaeum.
441 809 531 859 Ipse
552 809 700 846 interea
719 808 884 846 recedit:
910 809 1045 845 abesse
1066 809 1114 845 ab
1137 809 1254 846 domo
1275 810 1482 859 paullisper

155 874 295 920 maluit,
320 887 437 924 quam
466 887 649 923 praesens
675 874 768 911 illud
795 874 940 923 optime
969 873 1110 910 sactum
1138 882 1340 923 argentum
1369 877 1481 913 amit-

95 953 136 976 20
153 946 242 978 tere.
300 939 419 986 Quod
439 940 506 978 ubi
525 940 669 977 audivit
688 940 770 985 iste,
792 951 915 989 usque
936 951 983 976 eo
1005 946 1062 976 est
1083 947 1314 985 commotus,
1335 947 1376 977 ut
1398 941 1481 979 sine

151 1005 227 1042 ulla
247 1005 483 1043 dubitatione
504 1005 672 1042 insanire
698 1005 879 1042 omnibus
906 1017 951 1042 ac
980 1004 1102 1041 furere
1122 1004 1320 1043 videretur.
1377 1005 1482 1053 Quia

150 1082 231 1108 non
259 1077 436 1120 potuerat
465 1070 855 1123 argentum'eriperQ
883 1069 965 1118 ipse
994 1082 1017 1106 a
1044 1069 1219 1108 Diodoro
1249 1078 1380 1121 erepta
1408 1072 1480 1109 sibi

148 1147 239 1173 vasa
267 1136 414 1185 optime
442 1135 544 1174 facta
573 1135 748 1173 dicebat:
777 1135 945 1172 minitari
974 1136 1124 1173 absenti
1147 1135 1347 1175 Diodoro:
1377 1139 1478 1175 voci-

149 1199 259 1238 ferari
300 1200 453 1250 palam:
502 1201 678 1238 lacrimas
721 1201 914 1237 interdum
954 1201 1015 1237 vix
1055 1207 1196 1238 tenere.
1253 1201 1478 1251 Eriphylam

89 1277 130 1310 25
151 1266 371 1316 accepimus
390 1266 430 1302 in
454 1265 593 1304 fabulis
624 1278 670 1304 ea
689 1265 906 1314 cupiditate,
930 1272 982 1311 ut,
1004 1278 1124 1315 quum
1143 1267 1300 1305 vidisset
1320 1269 1475 1314 monile,

149 1339 191 1369 ut
218 1332 370 1381 opinor,
399 1343 447 1368 ex
476 1343 569 1369 auro
600 1338 638 1369 et
675 1331 853 1380 gemmis,
884 1331 1164 1380 pulchritudine
1194 1333 1276 1371 eius
1306 1334 1475 1380 incensa,

148 1397 310 1435 salutem
347 1397 414 1434 viri
451 1397 642 1446 proderet.
703 1396 842 1434 Similis
872 1397 977 1435 istius
1013 1398 1225 1447 cupiditas;
1255 1398 1330 1437 hoc
1359 1400 1476 1438 etiam

147 1463 411 1512 acrior.atque
449 1455 632 1508 insanior,
664 1462 771 1512 quod
810 1462 872 1499 illa
910 1463 1088 1511 cupiebat
1116 1463 1155 1501 id
1185 1464 1290 1514 quod
1320 1465 1474 1512 viderat,

146 1528 258 1566 huius
287 1528 462 1566 libidines
500 1539 582 1565 non
611 1528 739 1565 solum
777 1528 909 1574 oculis,
942 1528 1010 1566 sed
1039 1529 1155 1567 etiam
1184 1530 1339 1568 auribus
1368 1532 1472 1569 exci-

86 1601 130 1634 30
147 1594 335 1633 tabantur.

202 1672 235 1697 2.
266 1659 451 1710 Conquiri
472 1659 691 1697 Diodorum
707 1665 786 1697 tota
806 1660 1008 1709 provincia
1028 1660 1142 1698 iubet.
1186 1661 1254 1698 Ille
1275 1674 1322 1699 ex
1345 1661 1473 1701 Sicilia

143 1726 220 1763 iam
249 1732 374 1763 castra
410 1732 581 1764 moverat
610 1731 647 1763 et
676 1738 767 1763 vasa
806 1726 1022 1775 collegerat.
1081 1727 1229 1774 Homo,
1259 1735 1302 1766 ut
1338 1729 1470 1778 aliquo

142 1791 263 1829 modo
291 1791 394 1828 illurn
421 1791 460 1828 in
489 1790 726 1841 provinciam
752 1799 958 1837 revocaret,
979 1791 1080 1830 hanc
1107 1793 1337 1842 excogitavit
1356 1796 1470 1833 ratio·

143 1868 256 1894 nem:
300 1857 331 1894 si
359 1856 454 1895 haec
492 1857 588 1894 ratio
617 1856 745 1905 potius
783 1868 899 1905 quam
935 1858 1102 1895 amentia
1130 1859 1368 1897 nominanda
1397 1868 1466 1899 est.

82 1933 124 1966 35
144 1923 318 1972 Apponit
347 1922 395 1960 de
425 1922 502 1959 suis
532 1922 692 1959 canibus
722 1921 943 1971 quemdam,
964 1922 1029 1972 qui
1058 1923 1159 1961 dicat
1183 1936 1224 1961 se
1249 1924 1468 1965 Diodorum

142 1988 385 2026 Melitensem
414 1988 467 2025 rei
501 1987 672 2036 capitalis
701 1999 809 2024 reum
838 1987 933 2024 velle
963 1987 1097 2026 facere.
1156 1988 1286 2028 Primo
1324 1992 1466 2030 mirum

140 2055 322 2091 omnibus
344 2053 473 2099 videri,
495 2053 716 2091 Diodorum
744 2065 863 2098 reum,
886 2052 1083 2091 hominem
1105 2055 1394 2103 quietissimum,
1416 2059 1465 2095 ab

139 2119 247 2157 omni
273 2130 353 2156 non
379 2119 498 2156 modo
520 2118 714 2163 facinoris,
735 2131 866 2155 verum
889 2120 1002 2156 etiam
1027 2121 1175 2158 minimi
1201 2123 1310 2160 errati
1340 2125 1464 2173 suspi-

139 2187 251 2224 cione
271 2186 593 2223 remotissimum:
615 2186 752 2223 deinde
770 2198 854 2223 esse
875 2186 1134 2235 perspicuum,
1152 2187 1231 2225 fieri
1252 2190 1382 2227 omnia
1401 2191 1463 2228 illa

78 2267 121 2299 40
139 2258 295 2301 propter
324 2258 538 2300 argentum.
595 2251 674 2288 Iste
699 2263 779 2288 non
807 2251 956 2288 dubitat
982 2252 1111 2290 iubere
1135 2265 1280 2291 nomen
1307 2255 1460 2294 deferri:

137 2324 174 2355 et
194 2325 274 2354 tum
295 2317 461 2366 primum
478 2318 617 2366 opinor
637 2319 751 2355 istum
773 2318 941 2355 absentis
963 2329 1107 2356 nomen
1128 2320 1330 2369 recepisse.
1379 2322 1459 2360 Res

135 2384 237 2422 clara
267 2382 394 2422 Sicilia
423 2391 514 2432 tota,
545 2392 702 2435 propter
741 2385 875 2423 caelati
904 2386 1052 2435 argenti
1093 2387 1341 2436 cupiditatem
1369 2401 1458 2428 reos
