1587 2533
119 146 199 184 242
474 141 721 172 EXTRACTS
750 141 886 172 FROM
913 141 1092 172 CICERO.
1295 141 1371 172 Sect.
1388 140 1428 172 V.

117 254 216 284 ratas
236 246 363 291 fuisse,
383 253 425 284 ut
456 247 524 284 iste
553 247 592 283 in
622 246 783 284 furando
812 246 992 283 manibus
1022 245 1110 290 suis,
1132 244 1252 281 oculis
1280 245 1431 282 illorum

110 319 292 348 uteretur.
350 313 402 348 At
435 311 486 347 ita
519 311 712 348 studiosus
745 318 801 348 est
839 310 949 346 huius
987 309 1203 358 praeclarae
1241 309 1432 345 existima-

117 376 241 420 tionis,
270 383 311 412 ut
341 383 492 424 putetur
522 376 561 412 in
590 375 696 412 hisce
727 376 840 413 rebus
872 375 1085 423 intelligens
1116 386 1212 419 esse,
1238 381 1280 411 ut
1310 387 1432 423 nuper

120 441 258 486 (videte
277 440 444 476 hominis
463 440 686 484 amentiam)
711 447 964 489 posteaquam
986 447 1042 476 est
1059 439 1429 487 comperendinatus,

117 516 237 552 quum
268 505 344 540 iam
375 516 445 553 pro
470 505 653 541 damnato
678 512 907 554 mortuoque
939 511 1049 547 esset,
1069 503 1166 540 ludis
1188 503 1430 541 Circensibus
1450 517 1488 549 55

117 580 231 605 mane
265 569 367 617 apud
401 568 443 606 L.
476 569 691 613 Sisennam,
726 570 846 605 virum
880 569 1112 617 primarium,
1147 580 1267 616 quum
1304 575 1432 605 essent

117 633 280 670 triclinia
311 641 426 670 strata
457 642 736 683 argentumque
765 635 985 683 expositum
1013 634 1053 670 in
1082 634 1262 679 aedibus;
1301 646 1431 682 quum,

117 710 188 747 pro
216 698 397 746 dignitate
417 697 461 735 L.
485 699 680 743 Sisennae,
703 699 842 736 domus
869 706 969 736 esset
995 699 1108 747 plena
1135 698 1336 735 hominum
1361 698 1432 735 ho-

113 763 434 808 nestissimorum,
473 764 632 800 accessit
676 764 725 800 ad
771 772 982 812 argentum,
1022 763 1271 812 contemplari
1311 775 1432 800 unum

116 827 296 876 quodque
317 828 439 865 otiose
459 836 495 865 et
517 828 760 865 considerare
782 829 919 877 coepit.
977 827 1108 864 Mirari
1136 827 1330 864 stultitiam
1358 827 1430 872 alii,
1451 834 1492 865 60

115 892 222 940 quod
255 893 294 929 in
328 893 413 941 ipso
446 893 586 929 iudicio
613 893 694 939 eius
727 893 845 942 ipsius
877 893 1103 942 cupiditatis,
1138 893 1245 929 cuius
1274 893 1432 930 insimu-

115 956 262 1002 laretur,
285 957 543 1005 suspicionem
570 964 746 1005 augeret;
787 958 846 994 alii
877 958 1095 1002 amentiam,
1117 958 1176 994 cui
1206 969 1432 1005 comperen-

115 1022 258 1066 dinato,
280 1034 398 1071 quum
428 1029 506 1058 tam
537 1022 644 1058 multi
674 1028 788 1059 testes
820 1023 1014 1067 dixissent,
1039 1022 1250 1071 quidquam
1282 1022 1432 1058 illorum

115 1087 258 1124 veniret
288 1087 326 1123 in
353 1095 535 1123 mentem.
594 1086 705 1123 Pueri
725 1094 852 1123 autem
875 1086 1070 1131 Sisennae,
1092 1087 1219 1131 credo,
1242 1087 1306 1136 qui
1327 1087 1432 1123 audi-

113 1152 269 1196 vissent,
289 1163 388 1200 quae
408 1152 446 1188 in
475 1152 588 1188 istum
608 1151 826 1188 testimonia
847 1151 948 1188 dicta
973 1158 1110 1196 essent,
1132 1151 1266 1188 oculos
1287 1151 1335 1188 de
1360 1151 1432 1188 isto
1453 1156 1492 1196 65

115 1228 308 1264 nusquam
329 1216 500 1260 deiicere,
523 1228 647 1265 neque
669 1217 717 1253 ab
738 1223 898 1265 argento
921 1216 1080 1264 digitum
1101 1215 1308 1253 discedere.
1364 1215 1434 1252 Est

115 1281 209 1318 boni
229 1281 374 1325 iudicis,
395 1283 519 1330 parvis
540 1293 588 1318 ex
615 1282 729 1318 rebus
751 1281 1009 1318 coniecturam
1031 1281 1155 1317 facere
1178 1280 1289 1317 unius
1310 1281 1434 1317 cuius-

115 1359 191 1395 que
212 1354 249 1383 et
269 1347 485 1395 cupiditatis
506 1354 544 1383 et
562 1346 873 1384 incontinentiae.
936 1345 1014 1391 Qui
1045 1357 1142 1390 reus,
1169 1352 1205 1382 et
1236 1357 1322 1382 reus
1350 1345 1434 1394 lege

116 1412 491 1460 comperendinatus,
513 1423 552 1448 re
574 1418 610 1448 et
631 1412 814 1460 opinione
841 1410 1041 1448 hominum
1067 1422 1190 1459 paene
1218 1410 1434 1454 damnatus,

115 1478 187 1515 sibi
207 1485 420 1526 temperare
441 1489 521 1514 non
538 1477 703 1525 potuerit
723 1477 894 1513 maximo
910 1483 1111 1517 conventu,
1130 1475 1222 1524 quin
1242 1475 1285 1512 L.
1305 1475 1433 1512 Sisen-
1455 1485 1494 1517 70

115 1555 189 1579 nae
222 1549 424 1590 argentum
456 1548 632 1579 tractaret
656 1548 693 1579 et
716 1541 977 1579 consideraret
988 1553 997 1586 ;
1037 1540 1139 1577 hunc
1169 1541 1208 1577 in
1239 1540 1435 1589 provincia

116 1614 334 1657 praetorem
368 1606 570 1655 quisquam
604 1606 751 1655 putabit
785 1617 808 1642 a
843 1605 1059 1642 Siculorum
1093 1611 1253 1653 argento
1288 1604 1436 1654 cupidi-

115 1679 234 1708 tatem
255 1678 318 1707 aut
338 1682 476 1707 manus
497 1670 684 1707 abstinere
704 1670 901 1718 potuisse?

384 1842 424 1875 6.
455 1834 558 1873 How
578 1835 764 1873 Diodorus
784 1847 864 1872 was
883 1836 939 1872 all
955 1835 1019 1872 but
1035 1835 1171 1875 robbed.

176 1948 209 1973 1.
240 1935 452 1973 Melitensis
483 1933 677 1971 Diodorus
708 1941 775 1979 est,
798 1935 861 1983 qui
893 1934 996 1984 apud
1025 1947 1094 1973 vos
1126 1943 1240 1972 antea
1264 1935 1436 1973 testimo·

116 2002 227 2039 nium
247 2001 350 2038 dixit.
409 2000 448 2037 Is
475 1999 645 2048 Lilybaei
664 1999 805 2036 multos
834 1999 911 2037 iam
938 2012 1061 2038 annos
1087 2000 1241 2046 habitat,
1260 2000 1378 2038 homo
1399 2007 1437 2038 et

119 2065 225 2103 domi
254 2065 402 2110 nobilis,
424 2072 460 2102 et
487 2064 590 2113 apud
617 2075 696 2109 eos,
717 2076 794 2113 quo
821 2076 861 2101 se
888 2065 1057 2110 contulit,
1079 2073 1236 2114 propter
1260 2066 1436 2102 virtutem

118 2130 344 2180 splendidus
365 2136 400 2166 et
421 2130 621 2177 gratiosus.
677 2128 738 2165 De
765 2128 841 2166 hoc
870 2129 982 2166 Verri
1014 2129 1158 2175 dicitur,
1179 2130 1320 2167 habere
1346 2142 1436 2167 eum

117 2196 293 2243 perbona
307 2201 541 2238 toreumata;
570 2193 608 2230 in
628 2192 686 2230 his
702 2193 841 2242 pocula
861 2193 938 2230 duo
959 2194 1162 2242 quaedam,
1180 2207 1277 2244 quae
1298 2194 1434 2231 Theri-
1452 2208 1470 2239 5

119 2261 203 2298 clea
218 2260 474 2303 nominantur,
489 2258 678 2295 Mentoris
693 2271 810 2295 manu
824 2271 976 2296 summo
993 2260 1149 2297 artificio
1167 2260 1275 2297 facta.
1316 2259 1435 2305 Quod

121 2326 191 2362 iste
222 2325 287 2362 ubi
318 2324 469 2369 audivit,
501 2323 554 2360 sic
586 2323 791 2371 cupiditate
821 2323 1080 2361 inflammatus
1111 2331 1169 2362 est
1198 2336 1278 2361 non
1309 2325 1435 2362 solum

117 2389 362 2441 inspiciundi‚
383 2400 514 2426 verum
535 2388 649 2425 etiam
669 2387 874 2434 auferendi,
895 2395 935 2426 ut
954 2388 1172 2426 Diodorum
1191 2389 1240 2426 ad
1260 2402 1301 2427 se
1320 2400 1434 2427 voca-
