1587 2533
148 113 163 139 l
176 110 226 152 72
488 109 644 141 EXTRA
652 109 733 142 CTS
761 111 822 141 FR
829 111 898 142 OM
925 112 1104 143 CICERO.
1311 114 1388 146 Sect.
1406 114 1462 147 IV.

197 214 263 248 10.
294 209 397 247 Nam
432 222 551 260 quum
581 211 700 248 tribus
738 211 851 249 rebus
885 211 1135 249 animantium
1168 212 1243 250 vita
1277 219 1461 261 teneatur,

145 274 242 320 cibo,
265 275 435 323 potione,
458 276 590 323 spiritu
603 288 612 321 ;
642 276 692 313 ad
711 276 806 313 haec
827 276 958 314 omnia
977 277 1224 325 percipienda
1244 290 1288 315 os
1318 286 1375 316 est
1395 292 1462 328 ap-

143 341 355 377 tissimum:
386 341 491 389 quod
513 341 698 378 adiunctis
719 342 873 380 naribus
896 342 1027 391 spiritu
1047 348 1216 390 augetur.
1271 343 1462 381 Dentibus

144 412 271 442 autem
298 406 337 441 in
361 417 426 442 ore
455 406 680 443 constructis
705 406 908 452 manditur,
929 413 1041 456 atque
1071 407 1118 443 ab
1148 407 1206 444 his
1234 415 1461 446 extenuatur

144 477 180 507 et
200 469 352 506 molitur
373 471 491 507 cibus.
544 469 690 507 Eorum
710 470 857 508 adversi
877 472 976 508 acuti
997 483 1126 508 morsu
1148 472 1319 509 dividunt
1340 484 1461 517 escaS,
1482 490 1516 511 2-

144 535 263 572 intimi
280 541 406 571 autern
423 535 641 580 conficiunt,
659 535 724 585 qui
745 535 900 584 genuini
919 543 1103 572 vocantur
1115 548 1124 582 3
1155 548 1253 584 quae
1273 536 1462 574 confectio

143 600 256 637 etiam
278 611 299 635 a
320 600 450 648 lingua
478 599 645 637 adiuvari
668 600 827 637 videtur.
890 600 1081 649 Linguam
1101 607 1229 638 autem
1250 601 1298 638 ad
1317 601 1463 638 radices

143 665 224 701 eius
254 663 416 701 haerens
446 665 588 713 excipit
618 664 849 711 stomachus,
872 678 948 714 quo
979 666 1144 714 primum
1173 666 1377 703 illabuntur
1404 678 1461 709 ea,

143 743 241 780 quae
258 736 417 779 accepta
433 738 519 767 sunt
536 742 614 767 ore.
653 731 692 768 Is
708 738 867 780 utraque
887 744 932 768 ex
953 738 1060 780 parte
1081 731 1252 769 tonsillas
1272 732 1462 780 attingens

143 796 270 845 palato
293 801 464 832 extremo
485 803 598 844 atque
619 796 753 833 intimo
774 797 1007 833 terminatur.
1045 795 1174 845 Atque
1194 797 1237 842 is,
1255 797 1461 845 agitatione

143 867 180 898 et
201 861 368 898 motibus
389 861 541 909 linguae
562 872 682 909 quum
702 861 903 910 depulsum
928 868 964 898 et
991 862 1098 910 quasi
1119 861 1313 898 detrusum
1334 861 1463 898 cibum

144 927 301 975 accepit,
324 926 492 975 depellit.
532 926 656 975 Ipsius
678 934 804 963 autem
824 932 951 975 partes
972 939 1050 971 eae,
1069 938 1166 975 quae
1187 934 1274 964 sunt
1294 926 1392 964 infra
1412 927 1462 972 id,

144 993 250 1041 quod
271 992 485 1037 devoratur,
506 991 729 1028 dilatantur:
760 1003 858 1040 quae
885 997 1011 1028 autem
1031 1004 1155 1040 supra,
1178 991 1462 1029 contrahuntur.

146 1057 222 1095 Sed
251 1069 370 1106 quum
400 1068 536 1105 aspera
570 1056 704 1093 arteria
739 1054 808 1107 (sic
847 1057 949 1093 enim
984 1068 1006 1092 a
1040 1057 1198 1093 medicis
1233 1057 1459 1105 appellatur)

146 1123 287 1160 ostium
318 1121 467 1167 habeat,
500 1121 724 1159 adiunctum
758 1121 909 1169 linguae
947 1121 1148 1166 radicibus,
1183 1122 1310 1170 paullo
1349 1134 1463 1170 supra

146 1200 261 1238 quam
283 1187 331 1224 ad
352 1187 521 1235 linguam
551 1186 772 1223 stomachus
799 1187 1021 1231 annectitur,
1043 1199 1163 1236 eaque
1191 1188 1239 1224 ad
1260 1186 1464 1235 pulmones

145 1265 266 1302 usque
288 1252 473 1301 pertineat
494 1251 734 1300 excipiatque
756 1251 923 1287 animam
945 1263 1042 1296 eam,
1064 1264 1161 1300 quae
1182 1252 1295 1289 ducta
1318 1252 1363 1289 sit
1390 1252 1465 1300 spi-

145 1319 228 1363 ritu,
259 1317 512 1366 eamdemque
548 1329 570 1354 a
603 1316 851 1366 pulmonibus
879 1316 1037 1365 respiret
1065 1323 1101 1353 et
1134 1317 1289 1354 reddat:
1328 1317 1466 1365 tegitur

148 1383 319 1433 quodam
341 1382 449 1431 quasi
469 1381 662 1430 operculo,
684 1380 790 1430 quod
810 1382 861 1418 ob
882 1393 966 1418 earn
987 1394 1143 1418 causam
1164 1382 1294 1419 datum
1315 1389 1380 1427 est,
1403 1394 1464 1427 ne,

147 1450 178 1486 si
199 1448 292 1497 quid
313 1448 350 1484 in
371 1460 456 1485 eam
477 1447 551 1484 cibi
573 1446 667 1483 forte
688 1447 893 1492 incidisset,
916 1447 1065 1495 spiritus
1086 1448 1340 1496 impediretur.
1388 1447 1464 1484 Sed

147 1527 266 1565 quum
294 1514 364 1551 alvi
392 1520 537 1559 natura,
559 1513 729 1550 subiecta
757 1512 966 1558 stomacho,
989 1513 1062 1550 cibi
1089 1520 1126 1550 et
1155 1513 1322 1562 porionis
1343 1513 1389 1550 sit
1409 1525 1466 1550 re-

149 1579 400 1629 ceptaculum,
422 1578 626 1627 pulmones
649 1584 777 1614 autem
802 1584 838 1614 et
867 1589 934 1614 cor
954 1578 1188 1614 extrinsecus
1210 1578 1382 1626 spiritum
1403 1577 1468 1614 ad-

148 1646 312 1683 ducant:
341 1644 380 1680 in
408 1643 492 1680 alvo
518 1642 637 1680 multa
663 1648 750 1679 sunt
778 1642 995 1679 mirabiliter
1023 1642 1168 1687 effecta,
1191 1655 1288 1691 quae
1318 1649 1468 1679 constat

148 1710 226 1748 fere
256 1723 276 1747 e
307 1709 440 1746 nervis.
497 1708 566 1745 Est
586 1714 713 1745 autem
739 1707 936 1756 multiplex
958 1713 993 1744 et
1023 1713 1194 1744 tortuosa
1223 1714 1401 1756 arcetque
1430 1714 1467 1744 et

148 1775 329 1819 continet,
353 1774 429 1811 sive
459 1773 549 1810 illud
579 1773 726 1810 aridum
755 1779 823 1818 est,
853 1772 929 1809 sive
959 1772 1168 1817 humidum,
1191 1772 1296 1820 quod
1322 1772 1466 1820 recipit,
1487 1789 1521 1810 2-

149 1847 190 1877 ut
211 1840 249 1877 id
270 1839 406 1876 mutari
432 1844 468 1875 et
495 1838 687 1886 concoqui
715 1838 858 1886 possit3
888 1849 1010 1886 eaque
1036 1844 1117 1874 tum
1137 1838 1365 1885 astringitur,
1387 1844 1468 1874 tum

149 1905 349 1949 relaxatur,
371 1910 484 1952 atque
514 1915 642 1948 omne,
664 1902 771 1951 quod
801 1902 949 1951 accipit,
971 1902 1074 1951 cogit
1102 1908 1139 1939 et
1168 1901 1391 1948 confundit;
1428 1907 1471 1939 ut

149 1969 258 2007 facile
279 1976 316 2006 et
336 1969 473 2014 calore,
495 1980 611 2016 quem
635 1968 797 2005 multum
822 1967 946 2012 habet,
969 1967 1177 2004 exterendo
1198 1967 1284 2004 cibo
1306 1973 1343 2004 et
1362 1979 1470 2016 prae·

149 2042 253 2072 terea
273 2034 404 2083 spiritu
425 2034 557 2071 omnia
584 2039 694 2070 cocta
723 2040 837 2081 atque
865 2032 1041 2069 confecta
1064 2032 1102 2068 in
1121 2032 1309 2081 reliquum
1329 2043 1470 2080 corpus

151 2099 374 2138 dividantur.
433 2098 478 2135 In
507 2098 755 2147 pulmonibus
776 2104 904 2134 autem
932 2097 1028 2134 inest
1056 2097 1187 2135 raritas
1217 2097 1407 2147 quaedam
1433 2103 1469 2135 et

152 2164 328 2203 assimilis
356 2164 530 2214 spongiis
560 2163 772 2208 mollitudo,
793 2162 841 2200 ad
870 2163 1123 2200 hauriendum
1154 2164 1325 2211 spiritum
1354 2164 1470 2212 aptis-

154 2231 272 2268 sima:
302 2229 469 2278 quitum
491 2240 530 2265 se
556 2227 786 2266 contrahunt
815 2228 1035 2276 aspirantes,
1055 2234 1136 2264 tum
1164 2228 1349 2277 respiratu
1379 2228 1471 2265 dila-

155 2302 245 2340 tant,
266 2301 307 2332 ut
326 2294 542 2343 frequenter
563 2293 722 2330 ducatur
742 2292 848 2330 cibus
868 2292 1052 2336 animalis,
1074 2303 1151 2341 quo
1179 2293 1345 2330 maxime
1366 2293 1473 2330 alun-

155 2367 214 2398 tur
233 2360 457 2397 animantes.
496 2358 557 2395 Ex
576 2358 763 2396 intestinis
784 2363 911 2395 autem
930 2363 968 2394 et
987 2357 1071 2394 alvo
1096 2363 1263 2395 secretus
1283 2369 1306 2394 a
1324 2357 1471 2407 reliquo

1481 813 1540 845 235

1484 1139 1544 1170 240

1486 1455 1542 1487 245
