1587 2533
143 96 222 138 113
480 105 728 138 EXTRACTS
757 106 893 137 FROM
923 107 1100 140 CICERO.
1291 108 1373 142 sect.
1396 108 1456 141 111.

660 340 692 380 C
710 341 749 378 H
765 342 801 379 A
817 341 857 380 P.
885 341 958 380 ΙΙΙ.

192 480 225 515 1.
255 475 359 514 Nihil
388 475 466 513 fere
495 475 695 526 quondam
722 476 877 514 maioris
903 476 956 514 rei
977 476 1050 514 nisi
1078 476 1275 526 auspicato
1304 488 1353 514 ne
1379 475 1455 525 pri-

138 541 254 578 vatim
275 540 433 589 quidem
461 542 689 590 gerebatur:
718 541 825 590 quod
853 541 968 579 etiam
994 553 1098 579 nunc
1125 542 1343 591 nuptiarum
1369 553 1457 578 aus-

137 608 242 656 pices
266 607 471 654 declarant,
492 608 569 657 qui,
590 620 630 645 re
649 607 804 654 omissa,
824 620 969 645 nomen
989 613 1136 645 tantum
1156 613 1296 644 tenent.
1352 606 1456 644 Nam

137 678 178 709 ut
197 684 300 709 nunc
329 672 436 718 extis,
469 671 722 723 (quamquam
745 673 784 710 id
806 673 933 722 ipsum
957 673 1152 722 aliquanto
1180 672 1319 717 minus,
1340 683 1456 721 quam

137 734 260 785 olim,)
283 736 336 773 sic
356 742 438 773 tum
458 738 590 774 avibus
610 749 774 786 magnae
794 749 854 775 res
874 738 1055 787 impetriri
1076 737 1263 775 solebant.
1307 736 1454 785 Itaque,
1474 742 1490 773 5

138 801 288 839 sinistra
309 801 400 838 dum
419 814 500 839 non
520 802 765 851 exquirimus,
786 802 826 839 in
847 802 927 840 dira
946 809 983 840 et
1003 803 1043 840 in
1061 803 1198 840 vitiosa
1216 801 1454 839 incurrimus.

137 865 190 903 Ut
209 865 252 903 P.
276 865 470 911 Claudius,
491 865 609 915 Appii
626 866 742 904 Caeci
762 867 872 913 filius,
888 868 1046 917 eiusque
1067 867 1226 915 collega,
1247 866 1291 903 L.
1311 865 1456 911 Iunius,

139 930 281 969 classes
300 932 488 968 maximas
509 931 766 980 perdiderunt,
788 943 907 980 quum
922 932 1010 969 vitio
1024 931 1278 980 navigassent.
1338 929 1458 976 Quod

139 995 279 1033 eodem
307 996 426 1033 modo
457 997 580 1033 evenit
608 996 920 1046 Agamemnoni:
949 997 1026 1047 qui,
1057 1009 1176 1046 quum
1205 995 1340 1033 Achivi
1369 1007 1457 1034 coe-

137 1062 284 1111 pissent
1476 1075 1515 1096 10

270 1147 360 1178 Inter
383 1157 453 1178 sese
477 1151 629 1189 strepere,
653 1151 828 1189 aperteque
851 1151 955 1179 artem
980 1148 1129 1179 obterere
1152 1147 1365 1189 extispicum:

267 1198 401 1230 Solvere
423 1199 562 1241 imperat
585 1199 727 1231 seeundo
751 1210 880 1231 rumore
902 1199 1101 1241 adversaque
1123 1199 1185 1230 avi.

193 1315 231 1348 2.
263 1310 339 1348 Sed
366 1311 459 1361 quid
485 1311 639 1349 vetera?
696 1311 751 1350 M.
773 1311 914 1350 Crasso
940 1312 1032 1361 quid
1061 1311 1251 1358 acciderit,
1272 1311 1455 1356 videmus,

141 1376 306 1413 dirarum
340 1377 631 1415 obnuntiatione
670 1378 855 1427 neglecta.
912 1378 959 1415 In
998 1389 1075 1427 quo
1110 1377 1271 1426 Appius,
1311 1376 1457 1425 collega

141 1448 241 1487 tuus,
271 1441 398 1478 bonus
428 1454 560 1491 augur,
581 1449 622 1480 ut
642 1455 690 1480 ex
720 1450 756 1481 te
777 1443 906 1481 audire
927 1442 1044 1488 soleo,
1065 1454 1147 1479 non
1175 1442 1265 1479 satis
1293 1442 1457 1479 scienter
1479 1458 1514 1490 15

139 1507 261 1543 virum
290 1507 437 1544 bonum
457 1514 494 1545 et
520 1508 642 1545 civem
665 1509 863 1558 egregium
889 1520 1026 1546 censor
1055 1507 1098 1545 C.
1118 1508 1277 1545 Ateium
1302 1507 1456 1553 notavit,

139 1571 247 1622 quod
277 1572 502 1609 ementitum
536 1574 708 1622 auspicia
741 1573 1016 1622 subscripserit.
1073 1572 1194 1610 Esto:
1234 1571 1345 1608 fuerit
1381 1572 1457 1609 hoc

142 1637 324 1682 censoris,
345 1637 376 1674 si
401 1637 592 1675 iudicabat
617 1639 854 1675 ementitum.
910 1638 961 1674 At
988 1637 1079 1674 illud
1104 1637 1262 1674 minime
1290 1637 1455 1685 auguris,

141 1702 246 1752 quod
275 1702 458 1751 ascripsit,
489 1702 540 1740 ob
573 1715 658 1740 eam
689 1715 844 1741 causam
881 1702 1068 1751 populum
1098 1701 1319 1739 Romanum
1357 1701 1456 1739 cala-

141 1767 311 1804 mitatem
343 1767 551 1804 maximam
590 1768 748 1817 cepisse.
806 1767 845 1805 Si
879 1768 981 1804 enim
1015 1779 1060 1804 ea
1088 1779 1204 1804 causa
1233 1766 1454 1804 calamitatis
1474 1785 1514 1807 20

141 1831 220 1876 fuit,
241 1843 321 1868 non
340 1833 379 1869 in
401 1844 448 1869 eo
468 1839 525 1870 est
545 1833 656 1882 culpa
682 1833 746 1882 qui
774 1833 1025 1877 obnuntiavit,
1047 1831 1115 1869 sed
1143 1832 1182 1868 in
1210 1843 1258 1868 eo
1288 1831 1352 1880 qui
1375 1843 1456 1868 non

141 1897 276 1947 paruit.
304 1897 447 1935 Veram
467 1898 571 1935 enim
591 1899 707 1936 fuisse
728 1898 1073 1943 obnuntiationem‚
1089 1903 1130 1934 ut
1145 1897 1196 1934 ait
1216 1897 1318 1934 idem
1338 1909 1458 1945 augur

142 1969 180 1999 et
208 1974 355 2007 censor,
386 1963 509 2000 exitus
539 1964 803 2012 approbavit:-
824 1974 922 2012 quae
960 1962 992 2000 si
1019 1961 1114 1999 falsa
1143 1962 1286 2006 fuisset,
1315 1961 1457 1998 nullam

142 2027 276 2064 afferre
310 2028 500 2076 potuisset
538 2040 695 2065 causam
733 2027 967 2065 calamitatis.
1022 2026 1179 2064 Etenim
1217 2026 1330 2071 dirae,
1364 2026 1459 2063 sicut

142 2098 268 2129 cetera
294 2092 474 2140 auspicia,
494 2099 536 2130 ut
562 2093 705 2138 omina,
724 2098 766 2130 ut
792 2092 914 2141 signa,
942 2103 1021 2128 non
1049 2102 1185 2128 causas
1209 2090 1373 2128 afferunt
1391 2102 1458 2127 cur
1476 2108 1513 2140 ²5

141 2156 234 2205 quid
264 2156 425 2201 eveniat,
465 2156 534 2194 sed
571 2158 747 2194 nuntiant
781 2163 941 2194 ventura
977 2156 1049 2194 nisi
1087 2155 1308 2205 provideris.
1364 2153 1458 2191 Non

140 2221 253 2270 igitur
272 2221 513 2259 obnuntiatio
538 2221 641 2259 Ateii
671 2233 828 2259 causam
854 2222 964 2258 finxit
995 2221 1230 2266 calamitatis,
1252 2220 1320 2257 sed
1346 2221 1458 2270 signo

140 2287 291 2324 obiecto
311 2287 461 2324 monuit
483 2286 676 2332 Crassum,
697 2286 790 2336 quid
818 2293 1041 2324 eventurum
1065 2291 1166 2323 esset
1195 2285 1267 2322 nisi
1286 2285 1456 2322 cavisset.

139 2350 199 2390 Ita
217 2358 282 2390 aut
301 2351 363 2390 illa
382 2351 623 2389 obnuntiatio
650 2351 743 2389 nihil
768 2350 892 2397 valuit,
914 2357 978 2389 aut
997 2351 1042 2398 si,
1061 2356 1103 2387 ut
1122 2349 1273 2400 Appius
1301 2349 1455 2396 iudicat,
