1587 2533
143 97 221 137 168
478 105 724 137 EXTRACTS
752 104 888 136 FRoM
915 104 1095 135 crcERo.
1291 103 1368 132 sm.
1391 100 1446 132 rv.

138 210 283 249 vorant,
301 204 373 241 alia
391 205 589 241 mandunt.
646 204 774 252 Atque
794 203 908 239 etiam
928 201 1088 239 aliorum
1108 211 1154 237 ea
1172 205 1230 236 est
1242 198 1444 243 humilitas,
1466 214 1511 244 90

138 276 178 306 ut
196 269 324 306 cibum
344 276 557 306 terrestrem
583 268 713 305 rostris
743 267 850 304 facile
884 267 1120 313 contingant.
1177 263 1288 309 Quae
1319 270 1445 301 autem

138 333 270 371 altiora
298 340 397 378 sunt,
418 340 459 369 ut
486 344 652 377 anseres,
671 338 712 368 ut
741 331 864 380 cygni,
885 337 926 368 ut
953 342 1077 379 grues,
1098 334 1140 366 ut
1168 328 1312 373 cameli,
1339 328 1446 365 adiu-

136 406 270 435 vantur
294 397 518 446 proceritate
547 397 745 433 collorum.
804 395 946 432 Manus
975 395 1090 431 etiam
1116 393 1205 429 data
1223 392 1445 441 elephantis,

137 463 225 510 quia
240 470 395 511 propter
407 461 712 510 magnitudinem
732 461 904 509 corporis
924 458 1094 497 difficiles
1114 457 1236 495 aditus
1254 457 1447 494 habebant

137 527 187 564 ad
214 533 379 574 pastum.

192 595 230 628 5.
259 591 313 627 At
343 590 480 639 quibus
509 591 639 627 bestiis
660 596 739 627 erat
767 590 799 627 is
819 591 926 627 cibus
945 596 986 626 ut
1019 588 1114 626 alius
1143 586 1291 635 generis
1320 586 1448 624 bestiis

137 661 379 692 vescerentur
399 662 461 692 aut
480 655 577 692 vires
605 662 741 692 natura
760 655 863 692 dedit
891 661 955 691 aut
975 653 1217 691 celeritatem.
1273 651 1374 688 Data
1392 657 1449 687 est

137 719 366 768 quibusdam
386 720 499 757 etiam
518 719 749 757 machinatio
776 719 965 768 quaedam
990 725 1103 766 atque
1132 716 1316 754 sollertia:
1345 723 1386 752 ut
1411 715 1450 752 in

139 784 326 822 araneolis
346 784 440 821 aliae
467 785 575 834 quasi
595 790 673 821 rete
703 790 847 829 texunt,
866 791 919 829 ut,
940 784 971 820 si
1003 783 1095 831 quid
1123 781 1336 826 inhaeserit,
1357 792 1449 817 con-

138 849 287 885 ficiant:
317 849 410 886 aliae
431 856 560 886 autern
579 861 627 886 ex
646 849 846 897 inopinato
867 849 1074 885 observant
1092 853 1139 892 et,
1154 847 1184 884 si
1200 846 1292 895 quid
1308 845 1448 890 incidit,

139 914 330 962 arripiunt,
351 913 466 962 idque
494 921 736 952 consumunt.
792 913 914 950 Pinna
942 925 1044 957 vero,
1067 913 1138 958 (sic
1173 911 1275 948 enim
1303 903 1454 948 Graece*

140 978 301 1024 dicitur,)
324 978 471 1015 duabus
491 978 700 1026 grandibus
720 977 849 1027 patula
868 978 1038 1022 conchis,
1060 989 1148 1014 cum
1176 987 1291 1025 parva
1318 974 1451 1023 squilla

139 1043 248 1091 quasi
268 1043 490 1080 societatem
511 1043 586 1079 coit
602 1043 852 1091 comparandi
871 1043 945 1079 cibi
961 1054 969 1079 :
999 1042 1127 1090 itaque
1142 1052 1262 1089 quum
1281 1038 1450 1088 pisciculi

140 1107 243 1155 parvi
263 1107 302 1143 in
318 1106 506 1144 concham
521 1107 687 1143 hiantem
700 1108 975 1152 innataverunt‚
989 1113 1070 1143 turn
1086 1105 1282 1143 admonita
1295 1103 1452 1153 squillae

139 1172 257 1220 pinna
277 1183 407 1208 morsu
427 1171 646 1220 comprimit
673 1171 852 1209 conchas.
910 1171 972 1208 Sic
997 1170 1255 1208 dissimillimis
1283 1168 1452 1206 bestiolis

140 1236 393 1273 communiter
413 1236 521 1273 cibus
540 1236 743 1284 quaeritur.
798 1236 846 1273 In
875 1247 952 1285 quo
980 1235 1248 1272 admirandum
1268 1240 1337 1279 est,
1359 1245 1452 1270 con-

138 1313 322 1351 gressune
343 1301 470 1349 aliquo
491 1301 588 1337 inter
621 1312 673 1346 se,
696 1313 745 1337 an
777 1300 851 1337 iam
885 1301 974 1337 inde
1005 1300 1054 1336 ab
1087 1307 1172 1337 ortu
1207 1304 1340 1335 natura
1369 1298 1452 1346 ipsa

139 1372 395 1414 congregatae
416 1365 500 1402 sint.
557 1365 626 1402 Est
660 1365 773 1402 etiam
807 1365 1006 1402 admiratio
1040 1364 1224 1402 nonnulla
1254 1364 1292 1400 in
1323 1363 1452 1400 bestiis

139 1430 365 1478 aquatilibus
403 1429 460 1474 iis,
497 1441 595 1477 quae
633 1429 841 1478 gignuntur
880 1430 919 1466 in
956 1436 1075 1466 terra:
1118 1428 1229 1465 veluti
1267 1427 1453 1465 crocodili

138 1494 410 1543 fluviatilesque
445 1494 654 1531 testudines
688 1494 955 1544 quaedamque
988 1500 1184 1543 serpentes
1213 1500 1317 1530 ortae
1347 1499 1453 1529 extra

137 1571 287 1608 aquam,
310 1558 419 1595 simul
446 1571 491 1595 ac
518 1559 684 1607 primum
710 1559 778 1596 niti
809 1566 982 1608 possunt,
1003 1570 1142 1608 aquam
1162 1563 1450 1607 persequuntur.

138 1625 242 1670 Quin
261 1625 375 1661 etiam
396 1630 551 1661 anatum
571 1635 643 1661 ova
662 1624 811 1673 gallinis
832 1636 946 1673 saepe
966 1624 1242 1673 supponimus;
1272 1635 1294 1661 e
1314 1623 1452 1672 quibus

137 1690 225 1737 pulli
245 1689 317 1726 orti
336 1688 501 1737 primum
517 1688 665 1725 aluntur
680 1689 727 1725 ab
742 1689 810 1734 his,
825 1696 900 1726 uta
912 1690 1104 1733 matribus,
1122 1701 1144 1725 a
1156 1689 1294 1737 quibus
1309 1688 1452 1726 exclusi

136 1754 278 1802 fotique
307 1760 416 1799 sunt;
446 1753 588 1791 deinde
614 1765 679 1790 eas
707 1754 933 1803 relinquunt,
954 1760 992 1791 et
1021 1753 1207 1802 effugiunt
1235 1759 1451 1802 sequentes,

138 1830 257 1867 quum
278 1819 444 1868 primum
464 1830 616 1866 aquam,
639 1818 746 1867 quasi
767 1819 978 1856 naturalem
999 1818 1169 1863 domum,
1190 1817 1317 1855 videre
1337 1823 1450 1867 potu-

135 1890 252 1920 erunt.
313 1882 482 1920 Tantam
495 1882 670 1931 ingenuit
690 1883 946 1921 animantibus
967 1882 1219 1920 conservandi
1240 1882 1296 1920 sui
1317 1890 1453 1920 natura

135 1948 358 1986 custodiam.

188 2017 226 2050 6.
256 2012 352 2061 Legi
385 2013 500 2050 etiam
535 2012 717 2062 scriptum
750 2025 835 2051 esse
865 2025 973 2051 avem
1001 2012 1220 2062 quamdam,
1241 2024 1338 2062 quae
1368 2012 1449 2061 pla-

136 2078 233 2116 talea
252 2079 535 2124 nominaretur;
565 2090 651 2114 eam
680 2078 751 2115 sibi
771 2078 900 2116 cibum
925 2089 1107 2126 quaerere
1133 2077 1375 2114 advolantem
1399 2076 1448 2114 ad

135 2156 199 2182 eas
219 2155 319 2188 aves,
339 2154 437 2191 quae
459 2154 498 2179 se
519 2143 557 2178 in
578 2143 673 2179 mari
691 2150 930 2192 mergerent;
959 2155 1057 2192 quae
1071 2154 1190 2191 quum
1205 2142 1448 2179 emersissent

132 2210 354 2258 piscemque
386 2207 587 2255 cepissent,
608 2219 730 2256 usque
760 2219 807 2244 eo
828 2219 1000 2256 premere
1031 2218 1162 2243 earum
1191 2206 1315 2254 capita
1343 2216 1446 2242 mor-

133 2274 251 2318 dicus,
271 2272 363 2310 dum
383 2272 466 2308 illae
491 2278 647 2320 captum
673 2273 896 2317 amitterent,
918 2272 957 2308 in
988 2271 1093 2321 quod
1126 2272 1211 2319 ipsa
1241 2270 1446 2307 invaderet.

132 2337 355 2386 Eademque
385 2336 481 2374 haec
513 2336 591 2374 avis
622 2337 794 2374 scribitur
832 2336 991 2376 conchis
1026 2348 1066 2374 se
1098 2335 1220 2374 solere
1254 2335 1447 2383 complere

1466 529 1505 561 95

1473 863 1531 884 100

1474 1179 1530 1210 105

1475 1505 1534 1527 1¹0

1473 1834 1531 1865 115

1471 2155 1530 2177 120
