1587 2533
125 131 205 173 174
473 126 628 158 EXTRA
638 126 719 158 CTS
748 127 810 157 FR
817 127 887 158 OM
915 128 1048 158 CICER
1055 128 1093 158 O.
1284 131 1362 161 Sect.
1381 131 1437 162 IV.

120 229 228 277 quasi
250 235 484 277 spectatores
505 239 728 276 superarum
748 239 873 264 rerum
894 233 1007 277 atque
1029 227 1258 274 caelestium,
1274 240 1435 277 quarum

120 293 381 341 spectaculum
413 293 462 329 ad
495 292 641 328 nullum
674 291 775 328 aliud
809 304 931 340 genus
972 292 1221 328 animantium
1261 293 1432 341 pertinet.
1454 309 1512 340 295

120 357 264 394 Sensus
285 365 424 402 autem,
439 358 662 406 interpretes
679 368 723 392 ac
743 357 863 392 nuntii
884 369 1020 402 rerum,
1038 357 1075 392 in
1096 357 1219 405 capite
1240 363 1435 406 tamquam

118 423 158 459 in
178 435 264 459 arce
284 421 439 457 mirifice
461 421 511 457 ad
535 432 627 457 usus
657 421 893 457 necessarios
914 428 950 457 et
972 421 1060 458 facti
1082 427 1118 457 et
1139 422 1314 458 collocati
1336 428 1434 459 sunt.

119 487 221 524 Nam
242 486 342 523 oculi
362 492 558 534 tamquam
580 485 837 534 speculatores
858 485 1082 523 altissimum
1103 485 1231 522 locum
1247 487 1434 531 obtinent,

119 565 166 588 ex
200 563 277 600 quo
310 551 470 598 plurima
503 550 783 598 conspicientes
820 550 1025 599 fungantur
1059 562 1128 587 suo
1158 563 1328 588 munere.
1386 551 1436 588 Et

120 627 241 660 aures,
272 627 391 663 quum
422 627 561 651 sonum
592 615 787 663 percipere
814 614 988 661 debeant,
1019 616 1084 664 qui
1112 622 1247 652 natura
1274 616 1434 653 sublime
1453 632 1516 662 300

119 680 244 724 fertur,
283 686 384 716 recte
423 679 461 715 in
501 679 584 716 altis
623 691 829 728 corporum
866 681 1034 728 partibus
1078 680 1287 718 collocatae
1335 688 1433 717 sunt.

119 745 293 793 Itemque
323 756 445 790 nares,
468 756 515 781 eo
537 744 642 792 quod
666 744 791 781 omnis
816 744 913 781 odor
942 745 991 782 ad
1021 757 1158 794 supera
1187 745 1314 790 fertur,
1335 753 1436 782 recte

121 822 272 847 sursum
307 816 415 846 sunt:
456 815 492 845 et
526 809 633 857 quod
668 809 740 846 cibi
775 815 811 845 et
838 810 1005 857 potionis
1039 810 1223 847 iudicium
1251 822 1436 859 magnum

119 887 248 912 earum
269 880 335 919 est,
356 886 436 910 non
457 874 537 911 sine
558 885 673 910 causa
692 874 921 910 vicinitatem
942 875 1017 911 oris
1038 883 1189 912 secutae
1211 882 1309 912 sunt.
1354 875 1437 912 Iam

119 947 304 988 gustatus,
335 939 399 987 qui
430 939 568 976 sentire
598 950 731 975 eorum
759 939 897 987 quibus
926 939 1114 976 vescimur
1142 952 1284 988 genera
1312 940 1436 986 debet,
1454 953 1516 985 305

121 1004 264 1042 habitat
284 1005 323 1040 in
344 1016 389 1041 ea
409 1010 515 1052 parte
536 1003 623 1048 oris,
645 1015 720 1052 qua
739 1003 940 1040 esculentis
969 1010 1006 1040 et
1034 1004 1243 1052 potulentis
1273 1005 1341 1041 iter
1370 1017 1437 1041 na-

121 1077 205 1106 tura
224 1068 413 1118 patefacit.
471 1068 616 1105 Tactus
633 1074 760 1104 autem
780 1073 862 1104 toto
884 1080 1045 1117 corpore
1066 1069 1311 1117 aequabiliter
1332 1069 1439 1106 fusus

121 1141 190 1179 est,
211 1140 252 1170 ut
279 1146 416 1170 omnes
446 1133 540 1170 ictus
566 1144 778 1182 omnesque
807 1133 987 1170 minimos
1015 1140 1051 1170 et
1070 1133 1222 1182 frigoris
1245 1140 1281 1171 et
1304 1134 1440 1171 caloris

121 1199 304 1249 appulsus
325 1199 463 1235 sentire
484 1198 688 1247 possimus.

175 1268 237 1301 13.
267 1262 366 1309 Quis
385 1275 473 1300 vero
494 1262 622 1312 opifex
642 1269 791 1311 praeter
810 1268 994 1308 naturam,
1010 1275 1086 1312 qua
1106 1263 1197 1300 nihil
1213 1269 1340 1312 potest
1355 1275 1438 1300 esse
1450 1260 1520 1306 310

122 1329 303 1373 callidius,
334 1335 480 1365 tantam
515 1328 720 1364 sollertiam
750 1328 926 1376 persequi
956 1329 1142 1377 potuisset
1172 1329 1210 1365 in
1240 1329 1440 1365 sensibus?

123 1407 221 1444 quae
242 1395 408 1444 primum
430 1394 564 1431 oculos
581 1394 813 1430 membranis
829 1394 1060 1430 tenuissimis
1076 1394 1222 1431 vestivit
1242 1400 1278 1431 et
1300 1393 1439 1442 sepsit:

123 1471 219 1508 quas
239 1459 403 1507 primum
425 1457 637 1507 perlucidas
658 1456 756 1503 fecit,
776 1464 817 1494 ut
843 1470 911 1507 per
937 1470 1001 1495 eas
1029 1459 1131 1495 cerni
1152 1464 1292 1506 posset,
1314 1458 1441 1494 firmas

124 1532 264 1569 autem,
279 1532 319 1561 ut
336 1525 632 1561 continerentur.
675 1523 750 1560 Sed
765 1523 930 1561 lubricos
948 1524 1080 1561 oculos
1101 1524 1190 1561 fecit
1210 1531 1247 1562 et
1267 1525 1440 1569 mobiles,

124 1598 164 1629 ut
193 1597 230 1628 et
259 1590 504 1634 declinarent,
526 1589 556 1626 si
585 1588 678 1637 quid
707 1595 874 1634 noceret,
895 1595 932 1626 et
962 1595 1172 1637 aspectum,
1194 1601 1271 1638 quo
1292 1589 1440 1635 vellent,
1457 1606 1519 1638 315

125 1656 234 1694 facile
263 1661 556 1701 converterent;
587 1655 765 1703 aciesque
796 1654 889 1702 ipsa,
920 1666 995 1703 qua
1025 1654 1226 1699 cernimus,
1248 1667 1345 1703 quae
1371 1667 1441 1703 pu-

125 1721 216 1770 pula
234 1726 402 1764 vocatur,
424 1720 474 1756 ita
493 1732 608 1769 parva
626 1725 694 1764 est,
715 1725 756 1755 ut
781 1731 836 1764 ea,
858 1731 956 1768 quae
986 1731 1125 1756 nocere
1154 1720 1314 1768 possint,
1336 1719 1444 1756 facile

125 1786 235 1823 vitet:
271 1786 563 1835 palpebraeque,
594 1796 692 1833 quae
721 1790 809 1821 sunt
837 1790 1032 1832 tegmenta
1061 1784 1271 1830 oculorum,
1301 1784 1444 1821 mollis-

127 1851 246 1888 simae
267 1857 380 1895 tactu,
402 1863 450 1887 ne
470 1849 661 1887 laederent
681 1849 812 1894 aciem,
837 1849 1033 1897 aptissime
1054 1849 1175 1886 factae
1200 1855 1236 1886 et
1263 1849 1312 1886 ad
1340 1849 1442 1886 clau-

128 1915 274 1952 dendas
295 1915 470 1963 pupulas,
491 1926 539 1951 ne
568 1913 660 1962 quid
689 1914 883 1959 incideret,
904 1919 940 1950 et
970 1913 1019 1950 ad
1049 1913 1297 1962 aperiendas:
1327 1913 1441 1962 idque
1459 1926 1522 1956 3²0

128 1979 292 2028 providit
320 1987 360 2017 ut
389 1979 609 2017 idemtidem
639 1978 718 2015 fieri
746 1985 877 2027 posset
915 1991 1002 2015 cum
1036 1979 1204 2015 maxima
1242 1977 1441 2016 celeritate.

128 2044 379 2094 Munitaeque
409 2050 498 2081 sunt
526 2043 732 2093 palpebrae
761 2049 955 2091 tamquam
981 2043 1078 2080 vallo
1108 2043 1283 2092 pilorum,
1305 2042 1442 2091 quibus

127 2117 164 2148 et
183 2110 322 2159 apertis
342 2110 462 2147 oculis
483 2109 514 2146 si
534 2109 625 2158 quid
644 2108 837 2154 incideret,
859 2108 1112 2157 repelleretur,
1133 2115 1170 2145 et
1190 2120 1329 2145 somno
1349 2120 1443 2145 con-

126 2175 353 2220 niventibus,
375 2187 494 2224 quum
514 2174 634 2211 oculis
654 2173 703 2211 ad
730 2173 965 2211 cernendum
990 2185 1070 2210 non
1100 2185 1309 2222 egeremus,
1330 2179 1372 2210 ut
1397 2174 1442 2210 iis

126 2246 325 2288 tamquam
354 2239 511 2276 involuti
541 2239 789 2288 quiescerent.
845 2238 983 2275 Latent
1011 2244 1207 2286 praeterea
1236 2238 1382 2284 utiliter,
1404 2244 1442 2275 et
1458 2249 1519 2279 325

126 2304 285 2342 excelsis
301 2304 470 2353 undique
491 2304 660 2353 partibus
683 2303 888 2352 sepiuntur.
924 2302 1094 2339 Primum
1111 2303 1213 2339 enim
1233 2303 1440 2351 superiora,

125 2369 332 2421 superciliis
361 2369 539 2414 obducta,
561 2368 742 2406 sudorem
761 2380 784 2405 a
804 2367 926 2417 capite
954 2373 991 2405 et
1010 2378 1033 2405 a
1059 2367 1182 2405 fronte
1211 2366 1442 2405 defluentem
