1587 2533
155 110 209 153 70
499 107 743 139 EXTRACTS
772 108 906 139 FROM
935 108 1114 139 CICERO.

153 203 312 241 fuissent
341 216 363 241 a
391 203 523 241 Paullo
552 209 588 240 et
617 202 791 240 Varrone
821 202 1054 240 consulibus.
1112 201 1192 241 Eos
1214 209 1368 241 senatus
1389 216 1470 242 non

154 269 301 307 censuit
319 269 575 313 redimendos,
597 280 715 318 quum
742 268 782 305 id
806 279 922 317 parva
950 267 1115 316 pecunia
1139 267 1219 305 fieri
1246 276 1399 317 posset;
1429 276 1470 306 ut

154 340 254 371 esset
281 333 436 371 insitum
462 333 641 370 militibus
671 333 809 370 nostris
836 340 899 370 aut
925 333 1075 369 vincere
1103 339 1167 369 aut
1192 334 1323 371 emori.
1381 333 1470 379 Qua

154 399 308 449 quidem
329 406 368 436 're
396 398 535 444 audita,
556 398 716 436 fractum
741 398 912 435 animum
940 397 1169 435 Hannibalis
1197 398 1324 435 scribit
1353 398 1468 445 idem,
1489 410 1529 432 20

154 464 260 514 quod
289 470 443 501 senatus
472 462 717 512 populusque
748 463 949 500 Romanus
978 463 1092 500 rebus
1121 463 1267 501 afflictis
1296 469 1375 501 tam
1405 477 1469 501 ex-

154 529 255 566 celso
285 528 415 565 animo
444 527 585 567 fuisset.
648 527 709 565 Sic
738 527 948 565 honestatis
979 528 1267 576 comparatione
1296 540 1341 565 ea
1370 541 1469 577 quae

154 594 326 632 videntur
345 594 450 631 utilia
468 594 679 631 vincuntur.
735 593 879 632 Acilius
906 600 1045 638 autem,
1066 594 1129 642 qui
1152 593 1299 631 Graece
1320 595 1471 644 scripsit

153 660 362 705 historiam,
382 658 508 708 plures
537 659 588 696 ait
617 658 732 696 fuisse
757 659 821 708 qui
845 660 883 696 in
913 665 1036 696 castra
1066 660 1306 696 revertissent
1335 660 1470 697 eadem

154 724 296 771 fraude,
335 729 376 760 ut
413 723 655 760 iureiurando
695 724 954 770 liberarentur,
995 737 1140 774 eosque
1182 736 1205 762 a
1248 725 1470 762 censoribus
1491 737 1529 767 25

154 791 334 828 omnibus
355 790 575 838 ignominiis
595 795 760 827 notatos.

544 915 605 948 18.
646 910 679 947 A
714 911 950 958 questz'onable
981 911 1084 950 Case.

207 1017 254 1054 T.
303 1015 481 1053 Veturius
521 1022 557 1053 et
592 1015 653 1065 Sp.
692 1015 922 1061 Postumius,
961 1028 1081 1065 quum
1120 1017 1254 1054 iterum
1294 1015 1472 1054 consules

153 1089 291 1128 essent,
327 1082 425 1130 quia,
462 1093 580 1131 quum
611 1080 709 1118 male
744 1088 957 1130 pugnaturn
997 1082 1101 1130 apud
1135 1081 1326 1119 Caudium
1360 1088 1471 1126 esset,

153 1148 368 1197 legionibus
389 1146 529 1184 nostris
550 1147 622 1183 sub
642 1146 774 1194 iugum
794 1147 931 1193 missis,
959 1160 1096 1197 pacem
1122 1159 1210 1184 cum
1239 1145 1472 1184 Samnitibus

154 1214 332 1258 fecerant,
368 1211 484 1249 dediti
518 1217 606 1248 sunt
639 1211 712 1248 iis:
759 1212 905 1249 iniussu
939 1214 1041 1249 enim
1075 1211 1207 1261 populi
1242 1218 1472 1262 senatusque

153 1279 342 1317 fecerant:
373 1277 590 1326 eodemque
610 1282 784 1325 tempore
806 1277 866 1313 Ti.
888 1276 1102 1323 Numicius,
1125 1277 1173 1324 Q.
1206 1276 1379 1322 Maelius,
1408 1277 1472 1327 qui
1490 1290 1508 1322 5

153 1352 234 1382 tum
263 1343 403 1381 tribuni
432 1343 553 1391 plebis
581 1349 696 1387 erant,
729 1342 833 1391 quod
862 1355 996 1380 eorum
1030 1342 1251 1380 auctoritate
1284 1355 1359 1391 pax
1394 1350 1473 1380 erat

154 1410 262 1455 facta,
286 1409 400 1446 dediti
432 1414 529 1453 sunt,
565 1414 605 1444 ut
638 1419 715 1456 pax
751 1407 979 1445 Samnitium
1014 1407 1286 1457 repudiaretur.
1343 1407 1472 1457 Atque

151 1476 261 1513 huius
300 1474 503 1511 deditionis
541 1473 623 1522 ipse
662 1472 882 1511 Postumius
921 1474 985 1522 qui
1024 1474 1233 1511 dedebatur
1268 1485 1402 1511 suasor
1435 1481 1471 1512 et

151 1548 284 1579 auctor
304 1540 382 1577 fuit.
441 1538 560 1584 Quod
580 1538 682 1575 idem
703 1538 829 1575 multis
850 1539 959 1576 annis
979 1546 1067 1588 post
1088 1538 1130 1576 C.
1153 1538 1368 1584 Mancinus,
1394 1539 1470 1588 qui,

151 1614 193 1645 ut
224 1605 483 1649 Numantinis,
518 1604 747 1653 quibuscum
778 1604 859 1641 sine
893 1612 1047 1642 senatus
1078 1605 1300 1642 auctoritate
1335 1605 1470 1643 foedus
1493 1621 1530 1643 10

154 1673 305 1717 fecerat,
342 1671 554 1716 dederetur,
590 1671 832 1719 rogationem
860 1671 976 1708 suasit
1001 1683 1086 1708 eam
1116 1682 1232 1720 quam
1262 1670 1302 1708 P.
1323 1671 1470 1717 Furius,

154 1739 239 1776 Sex.
269 1737 406 1774 Atilius
431 1749 477 1774 ex
508 1742 662 1773 senatus
689 1736 865 1773 consulto
893 1736 1085 1773 ferebant:
1116 1748 1192 1784 qua
1217 1742 1386 1785 accepta,
1414 1744 1471 1774 est

151 1804 326 1841 hostibus
347 1802 507 1839 deditus.
566 1800 781 1838 Honestius
801 1800 874 1846 hic,
904 1813 1020 1850 quam
1047 1800 1096 1846 Q.
1126 1800 1346 1850 Pompeius,
1378 1813 1468 1850 quo,

152 1881 271 1918 quum
293 1869 331 1905 in
352 1867 488 1905 eadem
509 1879 624 1904 causa
643 1873 754 1911 esset,
777 1865 1018 1915 deprecante,
1038 1872 1196 1914 accepta
1216 1866 1276 1902 lex
1296 1878 1377 1903 non
1401 1873 1468 1904 est.

153 1935 229 1972 Hic
259 1946 304 1972 ea
333 1945 430 1982 quae
457 1932 653 1970 videbatur
676 1932 814 1968 utilitas
845 1931 930 1981 plus
964 1931 1077 1968 valuit
1111 1943 1227 1980 quam
1261 1931 1467 1976 honestas;
1491 1944 1549 1975 15.

151 2000 254 2050 apud
275 1999 489 2049 superiores
509 1998 676 2035 utilitatis
703 1997 851 2047 species
875 1996 969 2033 falsa
996 1997 1043 2033 ab
1069 1996 1281 2033 honestatis
1306 1997 1467 2034 auctori-

150 2073 225 2103 tate
248 2071 424 2114 superata
444 2070 510 2101 est.

363 2206 428 2240 19.
473 2199 511 2237 T
505 2200 547 2236 lze
575 2198 693 2235 Laws
721 2197 770 2247 qf
795 2197 883 2234 War
911 2195 1052 2240 strictly
1079 2193 1252 2231 observed.

207 2309 299 2348 Belli
321 2307 489 2356 aequitas
515 2303 753 2342 sanctissime
778 2300 892 2338 fetiali
918 2299 1050 2348 populi
1080 2297 1248 2335 Romani
1278 2297 1358 2334 iure
1383 2309 1467 2346 per-

155 2377 294 2424 scripta
323 2380 391 2410 est.
462 2370 520 2407 Ex
559 2380 636 2417 quo
674 2366 829 2413 intelligi
864 2371 990 2413 potest
1022 2363 1166 2400 nullum
1205 2362 1345 2399 bellum
1384 2375 1468 2400 esse
