1587 2533
128 99 207 152 178
477 107 722 139 EXTRACTS
749 108 884 138 FROM
913 107 1092 139 CICERO.
1277 109 1354 140 Sect.
1375 110 1433 140 1V.

124 204 362 242 nauticarum
400 215 527 240 rerum
561 202 779 247 scientiam;
815 202 1062 252 plurimisque
1094 200 1291 241 maritimis
1322 204 1434 242 rebus
1451 218 1514 249 430

123 270 280 306 fruimur
300 276 412 317 atque
423 268 574 304 utimur.
623 266 882 304 Terrenorum
895 268 986 304 item
1001 267 1295 305 commodorum
1308 269 1435 306 omnis

123 341 180 372 est
199 335 238 371 in
266 333 421 370 homine
445 332 674 369 dominatus.
731 331 816 368 Nos
845 333 1003 381 campis,
1028 344 1101 368 nos
1128 333 1324 370 montibus
1348 333 1436 370 frui-

122 412 231 445 mur;
261 398 381 435 nostri
410 403 498 435 sunt
528 408 672 441 amnes,
700 397 819 433 nostri
843 396 973 434 lacus:
1008 408 1079 434 nos
1105 396 1233 445 fruges
1264 398 1434 443 serimus,

122 476 195 501 nos
214 465 394 508 arbores;
425 473 496 498 nos
517 473 701 510 aquarum
722 461 1004 498 inductionibus
1025 461 1131 497 terris
1161 461 1434 499 fecunditatem

123 530 280 572 damus;
311 538 383 564 nos
410 526 568 562 flumina
592 537 776 569 arcemus,
805 525 1013 574 dirigimus,
1041 526 1264 571 avertimu33
1294 527 1434 564 nostris
1451 538 1513 570 435

123 594 288 642 denique
316 591 494 628 manibus
526 591 565 626 in
593 602 719 626 rerum
757 595 890 626 natura
929 590 1037 638 quasi
1072 590 1227 627 alteram
1261 597 1435 628 naturam

122 658 270 695 efficere
289 667 486 693 conamur.
544 653 649 699 Quid
663 655 780 691 vero?
810 653 1011 690 hominum
1027 654 1121 691 ratio
1135 666 1215 691 non
1235 655 1274 691 in
1287 655 1435 692 caelum

122 735 243 771 usque
265 720 500 770 penetravit?
559 719 637 756 Soli
657 719 760 755 enirn
781 731 828 755 ex
858 719 1114 756 animantibus
1145 732 1218 756 nos
1247 726 1438 757 astrorum

123 795 241 831 ortus,
271 786 407 828 obitus,
438 796 646 833 cursusque
676 784 952 832 cognovimus;
988 784 1036 820 ab
1066 783 1267 821 hominum
1296 797 1437 833 genere

122 853 249 889 finitus
278 858 334 888 est
363 851 455 893 dies⁷
485 850 640 892 mensis,
671 860 794 885 annus
805 861 814 894 ;
859 848 1092 885 defectiones
1127 849 1217 885 solis
1249 855 1285 885 et
1322 849 1435 886 lunae
1454 861 1518 892 440

123 917 300 966 cognitae
334 915 628 964 praedictaeque
667 914 706 949 in
745 925 862 949 omne
896 920 1094 961 posterum
1129 920 1292 962 tempus,
1327 925 1438 962 quae,

122 990 298 1031 quantae,
316 979 471 1029 quando
485 979 631 1016 futurae
648 979 732 1015 sint.
792 977 903 1024 Quae
920 985 1106 1015 contuens
1128 979 1279 1015 animus
1299 978 1438 1026 accipit

122 1048 170 1084 ab
199 1047 258 1083 his
288 1045 550 1094 cognitionem
571 1043 741 1087 deorum,
770 1055 816 1079 ex
847 1054 924 1090 qua
954 1043 1072 1079 oritur
1101 1043 1232 1091 pietas,
1255 1043 1315 1080 cui
1344 1055 1436 1080 con-

121 1113 250 1150 iuncta
277 1110 418 1147 iustitia
451 1116 506 1146 est
535 1108 776 1156 reliquaeque
806 1108 970 1152 virtutes,
1003 1119 1024 1144 e
1053 1108 1191 1155 quibus
1220 1108 1295 1144 vita
1325 1108 1438 1144 beata

122 1176 267 1215 exsistit
295 1187 363 1223 par
382 1180 420 1210 et
449 1173 579 1210 similis
609 1173 792 1218 deorum;
822 1172 924 1209 nulla
943 1172 1015 1209 alia
1043 1184 1094 1217 re,
1115 1172 1187 1208 nisi
1216 1171 1436 1209 immortali·
1454 1181 1514 1212 445

121 1248 208 1286 tate,
230 1252 327 1290 quae
351 1238 443 1276 nihil
471 1238 519 1274 ad
545 1238 643 1274 bene
668 1236 872 1274 vivendum
899 1237 1073 1285 pertinet,
1102 1236 1242 1274 cedens
1266 1235 1437 1274 caelesti-

121 1309 204 1346 bus.
262 1305 412 1352 Quibus
441 1305 553 1341 rebus
576 1303 768 1352 expositis,
792 1303 881 1340 satis
911 1303 1089 1340 docuisse
1115 1302 1245 1340 videor
1270 1301 1438 1339 hominis

123 1380 257 1412 natura
289 1378 433 1420 quanto
468 1381 604 1407 omnes
637 1369 794 1405 anteiret
832 1368 1055 1405 animantes.
1112 1367 1171 1404 Ex
1210 1379 1287 1416 quo
1325 1367 1438 1404 debet

122 1438 288 1486 intelligi,
327 1448 398 1473 nec
437 1435 597 1483 figuram
645 1435 835 1481 situmque
873 1433 1144 1478 membrorum,
1183 1444 1255 1470 nec
1292 1432 1436 1481 ingenii

122 1504 337 1550 mentisque
356 1501 456 1536 w‘am
476 1500 591 1536 talem
611 1499 708 1536 effici
728 1499 897 1547 potuisse
917 1498 1080 1534 fortuna.
1452 1512 1516 1542 450

175 1573 239 1606 18.
271 1566 405 1603 Restat
433 1571 475 1601 ut
507 1565 669 1601 doceam
699 1572 811 1611 atque
839 1563 1045 1611 aliquando
1079 1575 1266 1611 perorem,
1293 1565 1435 1611 omnia,

123 1646 221 1683 quae
242 1633 316 1670 sint
336 1632 376 1668 in
402 1630 478 1667 hoc
506 1629 664 1672 mundo,
687 1628 824 1676 quibus
850 1635 1001 1663 utantur
1027 1627 1214 1674 homines,
1236 1630 1437 1667 hominum

123 1709 238 1736 causa
257 1697 357 1734 facta
376 1707 461 1732 esse
487 1700 524 1731 et
553 1700 694 1742 parata.
752 1692 943 1740 Principio
969 1693 1050 1740 ipse
1079 1695 1246 1732 mundus
1276 1696 1437 1733 deorum

123 1764 400 1811 hominumque
422 1772 538 1797 causa
559 1758 679 1796 factus
699 1763 766 1803 est,
787 1769 961 1806 quaeque
986 1758 1025 1794 in
1049 1770 1096 1795 eo
1121 1767 1208 1796 sunt
1231 1773 1276 1797 ea
1305 1767 1437 1809 parata

124 1829 173 1866 ad
201 1827 366 1865 fructum
395 1825 596 1862 hominum
627 1829 664 1860 et
691 1823 843 1859 inventa
877 1829 974 1859 sunt.
1031 1822 1101 1860 Est
1133 1825 1235 1861 enim
1266 1826 1434 1864 mundus
1452 1836 1514 1868 455

124 1893 233 1943 quasi
266 1891 481 1929 communis
515 1889 674 1926 deorum
704 1895 816 1936 atque
845 1887 1044 1924 hominum
1074 1889 1223 1935 domus,
1254 1897 1318 1927 aut
1345 1892 1436 1929 urbs

124 1966 382 2005 utrorumque.
441 1954 521 1992 Soli
548 1954 651 1990 enim
675 1954 821 1990 ratione
840 1959 987 1989 utentes
1012 1953 1092 1990 iure
1118 1966 1162 1991 ac
1191 1955 1275 2004 lege
1295 1957 1431 1993 vivunt.

125 2022 178 2060 Ut
197 2023 309 2071 igitur
329 2020 499 2057 Athenas
520 2026 557 2056 et
576 2019 911 2056 Lacedaemonem
930 2017 1223 2055 Atheniensium
1243 2019 1438 2058 Lacedae-

124 2087 420 2134 moniorumque
446 2097 561 2122 causa
589 2083 803 2132 putandum
829 2089 886 2119 est
911 2083 1085 2120 conditas
1111 2095 1206 2129 esse,
1231 2086 1437 2134 omniaque

126 2164 225 2202 quae
253 2151 329 2188 sint
356 2151 396 2187 in
424 2149 483 2186 his
511 2149 667 2186 urbibus
703 2160 837 2185 eorum
865 2147 1098 2198 populorum
1128 2155 1229 2186 recte
1263 2162 1348 2187 esse
1381 2150 1436 2187 di·
1454 2150 1518 2191 460

127 2224 283 2255 cuntur:
313 2215 378 2260 sic,
399 2226 664 2263 quaecumque
685 2220 772 2250 sunt
791 2214 830 2249 in
850 2213 956 2249 omni
976 2213 1131 2258 mundo,
1149 2214 1309 2251 deorum
1325 2223 1439 2264 atque

127 2282 328 2319 hominum
357 2279 528 2328 putanda
557 2285 655 2315 sunt.
712 2278 797 2314 Iam
822 2288 911 2313 vero
937 2277 1114 2314 circuitus
1141 2278 1232 2315 solis
1261 2286 1299 2316 et
1327 2279 1440 2317 lunae

129 2346 436 2395 reliquorumque
466 2343 642 2387 siderum,
671 2353 905 2391 quamquam
929 2342 1042 2378 etiam
1069 2342 1117 2378 ad
1141 2343 1273 2380 mundi
1302 2345 1440 2382 cohae-

1545 2049 1583 2533 —u-mmm„,„.
1578 1998 1581 2001 .
