1587 2533
153 108 178 140 1,
379 94 557 135 ROME'S
587 103 710 134 RULE
741 103 798 133 OF
828 103 924 132 HER
956 103 1235 135 PROVINCES.
1398 106 1476 136 221

154 212 252 251 sunt,
283 217 436 243 summa
474 212 530 243 est
568 204 777 242 acerbitas:
822 203 879 240 sin
909 209 1036 240 autem
1076 202 1299 248 exorabiles,
1330 215 1483 241 summa

74 276 137 312 460
154 271 306 308 levitas:
337 282 435 320 quae
455 276 596 315 tamen,
617 275 658 305 ut
679 269 717 305 in
738 268 858 313 malis,
881 269 1075 305 acerbitati
1096 269 1370 317 anteponenda
1390 275 1457 306 est.

213 347 271 382 14.
304 334 382 372 Sed
402 335 587 384 quoniam
613 333 760 383 primus
789 345 914 370 annus
943 333 1074 370 habuit
1101 334 1148 371 de
1177 333 1250 370 hac
1274 333 1480 382 reprehen-

153 401 262 439 sione
287 400 494 449 plurimum
523 399 721 444 sermonis,
750 398 866 435 credo
896 406 1100 447 propterea
1129 398 1234 448 quod
1262 399 1328 435 tibi
1357 398 1480 436 homi-

151 477 246 502 num
275 465 444 510 iniuriae,
466 464 572 513 quod
596 463 761 508 avaritia,
787 463 893 511 quod
918 463 1122 501 insolentia
1150 470 1301 512 praeter
1329 464 1480 512 opinio-

151 542 242 567 nem
277 529 475 567 accidebat
509 535 544 566 et
582 528 830 565 intolerabilis
869 528 1078 575 videbatur,
1119 529 1312 566 secundus
1351 536 1479 566 autem

70 598 131 639 465
151 595 273 632 multo
294 595 426 641 lenior,
448 594 553 644 quod
573 600 610 631 et
635 594 877 631 consuetudo
899 602 935 631 et
964 595 1058 632 ratio
1081 601 1129 640 et,
1150 603 1191 633 ut
1212 607 1285 644 ego
1307 597 1478 641 arbitror,

150 672 260 698 meae
287 672 441 710 quoque
466 660 611 696 litterae
639 665 675 696 te
703 659 970 708 patientiorem
1002 660 1264 709 lenioremque
1296 660 1478 705 fecerunt,

150 727 280 763 tertius
305 737 428 763 annus
449 725 500 762 ita
524 725 638 762 debet
664 736 748 761 esse
775 725 1014 770 emendatus,
1036 732 1077 762 ut
1097 738 1145 762 ne
1166 727 1366 762 minimam
1397 727 1479 775 qui-

150 791 240 832 dem
269 804 349 829 rem
369 791 573 840 quisquam
594 790 717 839 possit
737 790 853 827 ullam
874 791 1161 839 reprehendere.
1228 792 1287 829 Ac
1308 793 1383 829 iam
1404 792 1480 830 hoc

149 856 237 894 loco
267 868 346 893 non
375 856 591 893 hortatione
620 867 747 905 neque
776 857 1004 905 praeceptis,
1038 856 1106 894 sed
1135 857 1311 906 precibus
1350 863 1479 894 tecum

68 937 132 968 470
149 921 323 959 fraternis
361 933 449 970 ago,
488 916 612 958 totum
649 929 690 957 ut
732 921 904 958 animum
950 911 1083 959 cur'am
1122 923 1478 972 cogitationemque

148 994 253 1025 tuam
282 999 407 1036 ponas
437 986 477 1023 in
507 986 682 1023 omnium
711 986 824 1023 laude
863 987 1034 1036 undique
1073 987 1301 1036 colligenda.
1361 988 1479 1034 Quod

138 1053 180 1091 'si
208 1053 246 1089 in
277 1052 462 1089 mediocri
486 1058 585 1089 statu
616 1052 804 1089 sermonis
837 1063 882 1088 ac
909 1052 1210 1101 praedicationis
1242 1060 1395 1091 nostrae
1419 1066 1479 1091 res

148 1125 289 1164 essent,
315 1117 407 1154 nihil
439 1118 507 1154 abs
536 1123 573 1154 te
603 1117 798 1163 eximium,
820 1117 913 1154 nihil
942 1125 1092 1166 praeter
1122 1119 1285 1156 aliorum
1315 1131 1479 1156 consue-

148 1183 322 1221 tudinem
350 1182 616 1232 postularetur.
674 1181 790 1219 Nunc
819 1194 908 1219 vero
936 1190 1093 1232 propter
1113 1196 1244 1221 earum
1274 1196 1414 1230 rerum,
1440 1185 1479 1221 in

67 1269 129 1300 475
149 1250 287 1299 quibus
324 1248 460 1286 versati
499 1259 644 1292 sumus,
684 1247 931 1296 splendorem
970 1255 1008 1285 et
1045 1249 1364 1298 magnitudinem,
1406 1250 1478 1287 nisi

148 1326 341 1352 summam
361 1313 515 1350 laudern
545 1325 592 1350 ex
615 1313 686 1350 ista
712 1314 910 1362 provincia
936 1314 1194 1363 adsequimur,
1215 1316 1275 1352 vix
1305 1316 1479 1353 videmur

147 1392 339 1419 summam
365 1380 685 1428 vituperationem
714 1391 832 1428 posse
861 1379 987 1417 vitare.
1047 1380 1106 1417 Ea
1132 1387 1265 1418 nostra
1285 1381 1381 1418 ratio
1409 1388 1477 1425 est,

146 1455 188 1483 ut
216 1456 353 1482 omnes
390 1444 483 1481 boni
523 1455 643 1492 quum
672 1443 825 1481 faveant
854 1450 935 1481 tum
975 1445 1090 1482 etiarn
1120 1458 1279 1483 omnem
1313 1458 1335 1483 a
1364 1446 1478 1483 nobis

147 1509 384 1559 diligentiam
413 1508 668 1556 virtutemque
697 1515 734 1545 et
772 1509 968 1557 postulent
997 1516 1034 1547 et
1073 1516 1309 1559 exspectent,
1340 1523 1477 1548 omnes

65 1585 130 1624 480
149 1583 276 1613 autern
314 1574 492 1623 improbi,
527 1573 632 1622 quod
671 1585 760 1611 cum
798 1573 857 1611 his
895 1574 1038 1628 bellum
1077 1576 1355 1624 sempiternum
1395 1588 1476 1614 sus-

148 1641 332 1690 cepimus,
359 1639 417 1677 vel
446 1639 606 1676 minima
636 1651 676 1676 re
711 1638 760 1676 ad
793 1639 1156 1688 reprehendendum
1187 1641 1357 1678 contenti
1392 1653 1476 1678 esse

147 1706 358 1743 videantur.
415 1704 546 1751 Quare
575 1704 760 1753 quoniam
794 1705 990 1753 eiusmodi*
1013 1705 1203 1742 theatrum
1237 1718 1277 1744 es
1307 1707 1474 1752 sortitus,

148 1771 363 1809 celebritate
391 1769 691 1815 refertissimum,
718 1763 983 1819 magnitudine
1013 1771 1303 1820 amplissimum,
1332 1772 1474 1810 iudicio

147 1836 454 1880 eruditissimum,
474 1841 610 1872 natura
639 1842 767 1872 autem
795 1835 846 1872 ita
875 1847 1074 1881 resonans,
1095 1843 1136 1873 ut
1162 1849 1284 1885 usque
1306 1836 1474 1874 Romam

65 1913 128 1953 485
149 1902 448 1951 significationes
477 1912 669 1949 vocesque
699 1900 919 1946 referantur,
945 1902 1149 1948 contende,
1170 1913 1328 1951 quaeso,
1359 1911 1473 1952 atque

148 1969 314 2014 elabora,
335 1979 415 2004 non
444 1966 564 2003 modo
593 1972 633 2003 ut
659 1965 719 2003 his
741 1967 854 2003 rebus
881 1967 1021 2015 dignus
1049 1966 1177 2014 fuisse,
1199 1967 1268 2005 sed
1294 1968 1409 2005 etiarn
1434 1976 1474 2006 ut

147 2033 210 2071 illa
229 2033 360 2071 omnia
382 2032 456 2070 tuis
478 2032 620 2069 artibus
642 2043 842 2080 superasse
863 2032 1024 2069 videare.

207 2108 265 2146 15.
293 2097 343 2135 Et
363 2097 546 2146 quoniam
574 2097 666 2133 milii
695 2108 806 2133 casus
826 2097 1011 2134 urbanam
1039 2097 1077 2134 in
1097 2098 1384 2147 magistratibus
1404 2100 1471 2137 ad-

146 2164 465 2201 ministrationem
486 2161 749 2211 reipublicae,
778 2163 845 2199 tibi
877 2162 1151 2211 provincialem
1183 2162 1298 2210 dedit,
1328 2165 1358 2202 si
1385 2177 1471 2202 mea

63 2251 128 2284 490
147 2242 235 2280 pars
264 2228 407 2266 nemini
436 2227 546 2272 cedit,
568 2226 627 2264 fac
651 2234 691 2264 ut
715 2233 778 2264 tua
803 2234 949 2265 ceteros
969 2228 1105 2265 vincat.
1165 2228 1286 2266 Simul
1316 2237 1353 2267 et
1380 2230 1468 2268 illud

145 2296 283 2345 cogita,
305 2306 378 2331 nos
399 2305 477 2330 non
500 2292 546 2330 de
567 2292 713 2341 reliqua
733 2299 769 2329 et
789 2299 940 2341 sperata
959 2293 1081 2341 gloria
1101 2293 1177 2330 iam
1197 2294 1381 2340 laborare,
1404 2296 1470 2332 sed

146 2361 196 2400 de
224 2366 333 2410 parta
361 2358 564 2396 dimicare:
596 2369 694 2407 quae
724 2357 881 2407 quidem
905 2369 984 2396 non
1009 2365 1088 2395 tam
1112 2359 1328 2409 expetenda
1357 2361 1470 2399 nobis

793 2434 819 2462 R
