1587 2533
129 116 152 145 2
156 103 211 158 56
477 111 718 143 EXTRACTS
746 111 882 142 FROM
910 110 1087 142 CICERO.
1309 114 1385 144 sect.
1401 114 1441 143 v.

129 224 209 250 non
227 211 392 250 hostium
406 212 570 250 adventu
589 212 819 261 necopinato
840 224 964 260 neque
984 210 1183 260 repentino
1203 211 1442 258 praedonum

129 280 294 328 impetu;
327 279 394 316 sed
421 291 469 315 ex
496 279 613 315 domo
635 286 748 326 atque
769 278 925 315 cohorte
952 276 1142 326 praetoria
1166 287 1324 313 manum
1344 277 1441 327 fugi-

128 344 291 381 tivorum
325 344 546 380 instructam
573 349 835 391 armatamque
862 343 1022 379 venisse.
1080 341 1208 378 Nemo
1240 340 1441 390 Agrigenti

128 421 253 458 neque
275 415 395 445 aetate
418 415 496 444 tam
518 408 654 444 affecta
680 419 805 456 neque
825 407 963 444 viribus
993 413 1071 443 tam
1098 407 1256 445 infirmis
1276 407 1355 452 fuit,
1376 409 1442 456 qui

128 485 207 510 non
228 474 290 509 illa
316 480 430 510 nocte
451 484 498 509 eo
519 473 653 509 nuntio
675 473 856 509 excitatus
878 472 1089 516 surrexerit,
1109 472 1314 522 telumque,
1337 473 1441 521 quod
1462 484 1501 504 20

128 539 264 586 cuique
293 538 370 575 fors
405 538 599 582 offerebat,
630 537 837 586 arripuerit.
894 536 1030 585 Itaque
1059 536 1163 572 brevi
1191 543 1364 585 ternpore
1393 537 1442 573 ad

127 603 259 639 fanum
273 615 318 639 ex
338 603 431 639 urbe
451 609 531 639 tota
547 602 790 639 concurritur.
847 601 958 638 Hora
974 601 1134 649 amplius
1154 601 1231 638 iam
1250 602 1289 638 in
1309 601 1442 638 demo-

127 668 255 705 liendo
295 668 405 716 signo
436 667 612 717 permulti
650 667 826 704 homines
855 666 1132 703 moliebantur:
1172 666 1262 703 illud
1299 667 1443 704 interea

127 732 229 769 nulla
257 732 408 769 lababat
437 744 484 768 ex
514 738 620 781 parte
636 744 644 777 ;
680 743 800 780 quum
827 731 887 768 alii
917 731 1087 768 vectibus
1117 731 1296 768 subiectis
1325 743 1441 768 cona-

126 805 255 835 rentur
285 808 539 842 commovere,
565 796 626 833 alii
657 796 862 844 deligatum
892 796 1072 833 omnibus
1100 796 1281 833 membris
1310 808 1440 844 rapere
1463 810 1500 842 ²5

127 862 176 899 ad
197 874 237 899 se
265 862 429 898 funibus.
487 861 663 911 Repente
684 861 926 910 Agrigentini
949 867 1204 898 concurrunt:
1234 861 1275 897 fit
1301 874 1443 910 magna

126 927 335 976 lapidatio:
380 927 471 964 dant
501 938 585 964 sese
623 927 661 963 in
690 926 822 975 fugam
850 926 956 963 istius
985 926 1166 975 praeclari
1204 926 1441 974 imperatoris

126 993 302 1030 nocturni
331 991 477 1029 milites.
535 991 624 1028 Duo
653 998 782 1028 tamen
812 991 933 1040 sigilla
960 991 1182 1040 perparvula
1211 991 1358 1036 tollunt,
1393 1003 1442 1028 ne

126 1059 284 1095 omnino
305 1058 437 1094 inanes
454 1057 502 1094 ad
517 1057 631 1093 istum
652 1057 888 1105 praedonem
907 1056 1135 1104 religionum
1155 1063 1440 1093 reverterentur.

126 1122 353 1172 Numquam
380 1128 458 1158 tam
478 1121 578 1158 male
608 1128 665 1158 est
686 1121 832 1165 Siculis,
856 1121 947 1169 quin
974 1121 1116 1170 aliquid
1136 1121 1256 1158 facete
1277 1128 1313 1157 et
1335 1133 1440 1158 com·
1460 1133 1501 1164 30

125 1189 241 1226 mode
272 1187 421 1224 dicant:
461 1187 560 1224 velut
588 1187 626 1223 in
656 1186 726 1224 hac
755 1199 794 1223 re
825 1186 987 1232 aiebant,
1016 1187 1054 1223 in
1083 1187 1233 1223 labores
1263 1186 1441 1224 Herculis

127 1265 206 1290 non
226 1253 352 1289 minus
378 1251 479 1289 hunc
506 1251 826 1289 immanissimum
853 1250 1024 1297 Verrem,
1046 1264 1162 1301 quam
1182 1252 1287 1288 illurn
1307 1263 1442 1301 aprum

126 1317 418 1367 Erymanthium
438 1317 564 1353 referri
585 1324 770 1365 oportere.

184 1395 216 1419 2.
246 1381 362 1418 Hanc
392 1382 566 1418 virtutem
595 1380 937 1429 Agrigentinorum
976 1381 1107 1419 imitati
1146 1388 1233 1418 sunt
1270 1381 1443 1419 Assorini

128 1455 275 1498 postea,
297 1448 363 1484 viri
391 1447 506 1484 sortes
534 1453 571 1484 et
601 1447 743 1491 fideles,
765 1447 831 1483 sed
861 1459 1105 1496 nequaquam
1136 1460 1183 1485 ex
1210 1454 1288 1484 tam
1315 1448 1442 1498 ampla
1462 1462 1500 1494 35

127 1525 253 1562 neque
282 1518 361 1549 tam
390 1524 436 1548 ex
466 1511 582 1548 nobili
612 1511 770 1548 civitate.
829 1510 995 1559 Chrysas
1025 1518 1081 1548 est
1109 1512 1243 1557 amnis,
1273 1512 1337 1560 qui
1376 1524 1444 1561 per

126 1578 402 1615 Assorinorum
433 1589 545 1625 agros
573 1576 674 1613 fluit:
704 1576 735 1613 is
762 1575 865 1624 apud
891 1575 975 1612 illos
1001 1575 1160 1612 habetur
1181 1576 1274 1613 deus
1296 1582 1333 1613 et
1359 1577 1443 1613 reli-

127 1643 243 1692 gione
272 1642 441 1678 maxima
479 1641 624 1678 colitur.
681 1640 830 1677 Fanum
869 1640 948 1677 eius
987 1647 1043 1677 est
1080 1641 1120 1676 in
1158 1652 1250 1689 agro
1290 1647 1445 1690 propter

129 1710 253 1758 ipsam
281 1708 392 1753 viam,
414 1720 490 1756 qua
518 1707 665 1743 Assoro
694 1707 766 1742 itur
796 1706 990 1742 Hennam.
1047 1705 1095 1742 In
1124 1719 1171 1743 eo
1193 1706 1361 1755 Chrysae
1388 1713 1445 1744 est

128 1774 383 1818 simulacrum,
411 1772 601 1821 praeclare
631 1771 773 1809 factum
803 1784 823 1808 e
852 1783 1052 1808 marmore.
1110 1771 1156 1808 Id
1186 1773 1254 1809 iste
1284 1784 1443 1821 poscere
1462 1789 1505 1820 40

128 1839 337 1876 Assorinos
358 1846 513 1887 propter
534 1837 764 1886 singularem
786 1837 865 1873 eius
886 1836 963 1873 fani
983 1837 1207 1885 religionem
1228 1849 1308 1874 non
1328 1849 1444 1875 ausus

129 1912 206 1942 est:
237 1904 465 1952 Tlepolemo
488 1903 551 1940 dat
581 1902 820 1951 Hieronique
849 1902 1057 1950 negotium.
1115 1902 1173 1938 Illi
1202 1909 1318 1939 noctu
1346 1902 1446 1940 facta

128 1981 246 2006 manu
285 1976 504 2018 armataque
542 1968 721 2004 veniunt:
761 1967 861 2004 fores
899 1967 1004 2003 aedis
1038 1966 1264 2015 effringunt:
1304 1967 1446 2004 aeditui

130 2034 386 2083 custodesque
408 2041 553 2070 mature
575 2033 760 2070 sentiunt:
792 2033 954 2082 signum,
977 2032 1081 2082 quod
1102 2039 1180 2069 erat
1201 2039 1336 2069 notum
1355 2033 1446 2070 vici-

130 2099 248 2146 nitati,
268 2100 432 2136 buccina
459 2099 587 2136 datur:
618 2098 796 2136 homines
824 2110 871 2135 ex
897 2098 996 2146 agris
1017 2104 1272 2134 concurrunt:
1302 2098 1445 2135 eiicitur
1462 2109 1503 2144 45

130 2165 359 2214 fugaturque
380 2164 652 2213 Tlepolemus:
683 2175 808 2212 neque
838 2163 1048 2212 quidquam
1077 2174 1124 2199 ex
1154 2161 1246 2199 fano
1275 2161 1446 2211 Chrysae

131 2236 279 2280 praeter
298 2241 418 2266 unum
439 2229 707 2278 perparvulum
728 2228 879 2276 signum
900 2239 946 2263 ex
968 2239 1053 2263 aere
1070 2226 1329 2263 desideratum
1349 2234 1417 2264 est.

188 2307 222 2342 3.
253 2294 388 2331 Matris
421 2305 584 2341 magnae
623 2293 754 2330 fanum
784 2292 887 2341 apud
924 2291 1125 2339 Enguinos
1164 2299 1231 2328 est.
1288 2291 1335 2328 In
1372 2291 1447 2330 hoc

134 2358 225 2397 fano
262 2359 398 2396 loricas
439 2359 644 2408 galeasque
682 2369 832 2403 aeneas,
871 2356 1034 2394 caelatas
1079 2368 1196 2406 opere
1234 2355 1446 2404 Corinthio,
