1587 2533
123 114 218 154 Chap.
235 113 277 146 11.
521 112 676 143 OMENS
705 112 804 141 AND
833 110 1040 141 DREAMS.
1360 111 1377 139 1
1390 111 1405 138 1
1418 112 1435 138 l

66 227 108 257 40
125 211 312 250 diderunt.
368 212 497 262 Atque
526 213 641 251 etiam
671 219 759 249 ante
793 211 865 248 hos
902 210 1162 259 Amphiaraus
1191 215 1229 247 et
1258 208 1440 252 Tiresias,

63 549 103 580 45

64 873 107 904 50

66 1197 105 1228 55

66 1509 108 1542 60

74 2172 114 2204 70

124 288 205 314 non
241 277 404 315 humiles
443 285 482 315 et
519 277 682 322 obscuri,
722 288 850 325 neque
889 287 1025 312 eorum
1063 274 1218 319 similes,
1257 280 1298 309 ut
1337 271 1442 320 apud

123 341 293 379 Ennium
313 349 382 388 est,

296 406 351 447 qui
374 406 424 437 sui
446 411 596 447 quaestus
620 416 716 437 causa
740 404 830 437 fictas
854 404 1010 436 suscitant
1033 407 1219 439 sententias,

123 460 191 500 sed
220 461 309 498 clari
328 468 365 498 et
384 469 621 511 praestantes
641 461 719 506 viri,
740 461 804 509 qui
825 461 957 497 avibus
978 466 1014 497 et
1035 459 1153 508 signis
1175 457 1364 496 admoniti
1385 457 1443 494 su-

123 533 206 563 tura
221 525 411 564 dicebant.
446 525 624 572 Quorum
640 526 687 563 de
703 525 821 562 altero
837 525 952 562 etiarn
966 524 1070 573 apud
1085 523 1229 560 inferos
1245 521 1444 559 Homerus

123 591 184 636 ait,
206 591 331 628 solum
352 603 496 640 sapere,
518 598 665 628 ceteros
685 590 908 627 umbrarum
928 589 1056 638 vagari
1076 588 1208 625 modo.
1255 586 1444 636 Amphia-

123 668 232 693 raum
252 662 381 693 autem
401 656 455 694 sic
474 655 676 693 honoravit
696 655 798 692 fama
818 653 1016 699 Graeciae,
1040 654 1134 691 deus
1159 660 1200 690 ut
1229 653 1445 697 haberetur,

124 728 237 770 atque
257 727 298 758 ut
317 722 366 758 ab
386 722 466 758 eius
483 721 580 766 solo,
594 720 633 757 in
652 732 730 770 quo
752 726 810 757 est
829 719 1020 764 humatus,
1038 718 1194 755 oracula
1214 724 1443 766 peterentur.

124 785 255 831 Quid?
283 786 400 823 Asiae
420 798 486 823 rex
506 785 678 823 Priamus
699 797 830 822 nonne
858 791 895 821 et
922 784 1119 821 Helenum
1145 783 1263 819 filium
1293 790 1330 819 et
1350 781 1445 819 Cas-

125 851 304 888 sandram
323 851 439 888 filiam
468 851 681 888 divinantes
708 850 885 896 habebat,
906 849 1066 886 alterum
1086 848 1266 896 auguriis,
1287 847 1445 884 alteram

123 916 262 953 mentis
292 916 513 954 incitatione
547 923 584 953 et
615 916 858 965 permotione
893 914 1047 952 divina?
1105 912 1196 959 Quo
1230 913 1269 948 in
1303 924 1446 960 genere

124 981 293 1019 Marcios
322 981 513 1030 quosdam
541 981 685 1026 fratres,
714 980 831 1018 nobili
864 980 952 1017 loco
986 986 1111 1024 natos,
1144 977 1248 1027 apud
1282 977 1446 1014 maiores

124 1054 277 1084 nostros
310 1046 428 1084 fuisse
460 1046 644 1095 scriptum
672 1046 854 1083 videmus.
914 1044 1042 1091 Quid?
1072 1043 1275 1091 Polyidum
1306 1041 1445 1079 Corin-

124 1111 246 1149 thium
265 1124 397 1149 nonne
418 1110 616 1149 Homerus
637 1118 674 1148 et
694 1110 775 1148 aliis
795 1110 924 1155 multa,
947 1116 984 1147 et
1002 1109 1080 1146 filio
1105 1108 1154 1145 ad
1175 1107 1336 1144 Troiam
1357 1119 1445 1155 pro-

126 1178 308 1215 ficiscenti
328 1184 493 1214 mortem
512 1177 747 1226 praedixisse
776 1174 1082 1214 commemorat?
1140 1173 1312 1212 Omnino
1343 1172 1446 1221 apud

125 1250 270 1281 veteres
298 1242 363 1292 qui
391 1254 518 1279 rerum
538 1242 782 1291 potiebantur
809 1241 927 1278 iidem
956 1240 1115 1289 auguria
1143 1239 1336 1276 tenebant.
1394 1237 1446 1274 Ut

126 1309 229 1346 enim
250 1319 396 1357 sapere,
418 1307 473 1345 sic
503 1307 670 1344 divinare
690 1305 817 1355 regale
839 1305 1043 1343 ducebant.
1087 1304 1217 1341 Testis
1237 1310 1295 1340 est
1315 1310 1447 1340 nostra

125 1373 267 1418 civitas,
287 1373 327 1410 in
346 1384 423 1422 qua
442 1378 479 1409 et
497 1383 608 1420 reges
628 1382 802 1420 augures,
824 1377 862 1407 et
890 1377 1025 1419 postea
1054 1369 1187 1418 privati
1217 1368 1357 1405 eodem
1387 1380 1446 1405 sa-

125 1438 298 1477 cerdotio
327 1436 488 1487 praediti
519 1436 797 1486 rempublicam
836 1435 1065 1484 religionum
1103 1434 1325 1472 auctoritate
1363 1445 1446 1470 rex-

125 1510 246 1544 erunt.

179 1573 220 1608 3.
247 1568 382 1618 anue
402 1567 679 1605 divinationum
707 1566 803 1604 ratio
833 1579 882 1604 ne
911 1566 952 1603 in
979 1565 1149 1615 barbaris
1175 1564 1330 1614 quidem
1353 1576 1447 1613 gen-

126 1636 227 1674 tibus
256 1633 432 1683 neglecta
460 1639 528 1679 est,
559 1633 591 1670 si
619 1632 776 1682 quidem
804 1639 842 1669 et
869 1632 908 1668 in
942 1630 1067 1669 Gallia
1103 1630 1273 1667 Druidae
1303 1636 1401 1674 sunt,
1427 1641 1448 1666 e

127 1701 267 1752 quibus
304 1699 386 1748 ipse
421 1698 654 1736 Divitiacum
683 1697 867 1735 Aeduum
905 1696 1082 1746 cognovi,
1112 1695 1177 1744 qui
1216 1701 1254 1732 et
1290 1701 1448 1731 naturae

127 1766 326 1811 rationem,
348 1776 465 1814 quam
493 1763 778 1813 physiologiam
807 1761 947 1800 Graeci
976 1760 1182 1810 appellant,
1204 1767 1338 1797 notam
1364 1772 1449 1797 esse

95 1850 106 1856 -
129 1831 201 1870 sibi
221 1830 480 1881 profitebatur,
501 1834 539 1866 et
565 1828 706 1878 partim
733 1827 911 1876 auguriis,
932 1827 1070 1875 partim
1099 1826 1330 1870 coniectura,
1352 1837 1450 1874 quae

129 1902 260 1936 essent
288 1894 415 1932 futura
443 1893 605 1939 dicebat,
634 1899 671 1930 et
708 1893 748 1930 in
782 1892 908 1929 Persis
946 1897 1178 1940 augurantur
1211 1897 1249 1928 et
1281 1890 1452 1928 divinant

130 1961 251 2011 Magi,
281 1960 347 2010 qui
375 1965 660 2009 congregantur
687 1958 727 1995 in
756 1956 847 1994 fano
878 1955 1168 1994 commentandi
1193 1968 1310 1993 causa
1336 1963 1450 2006 atque

131 2029 229 2066 inter
249 2038 290 2064 se
310 2025 578 2074 colloquendi:
607 2023 715 2074 quod
734 2024 849 2060 etiam
878 2022 980 2059 idem
999 2033 1068 2059 vos
1098 2021 1297 2072 quondam
1325 2021 1451 2059 facere

132 2092 260 2131 Nonis
289 2091 481 2129 solebatis.
536 2088 621 2126 Nee
650 2088 855 2139 quisquam
881 2099 949 2125 rex
977 2086 1180 2124 Persarum
1206 2094 1335 2136 potest
1355 2099 1452 2135 esse,

133 2158 199 2208 qui
218 2168 300 2194 non
319 2163 408 2194 ante
428 2166 633 2204 magorum
659 2153 903 2203 disciplinam
927 2152 1203 2201 scientiamque
1228 2154 1452 2201 perceperit.

134 2222 244 2260 Licet
271 2227 401 2259 autem
419 2220 546 2257 videre
573 2226 610 2257 et
635 2231 778 2269 genera
801 2217 992 2267 quaedam
1020 2224 1057 2255 et
1076 2217 1252 2254 nationes
1273 2216 1360 2255 huic
1381 2219 1453 2255 sci-

136 2288 260 2327 entiae
281 2285 440 2325 deditas.
496 2285 722 2322 Telmessus
741 2284 781 2321 in
802 2282 915 2321 Caria
934 2289 1001 2328 est,
1023 2294 1100 2332 qua
1118 2281 1157 2319 in
1185 2283 1279 2319 urbe
1306 2284 1454 2321 excellit

136 2351 384 2402 haruspicum
403 2349 626 2399 disciplina:
655 2350 824 2399 itemque
843 2346 923 2385 Elis
943 2347 982 2384 in
998 2346 1271 2397 Peloponneso
1291 2346 1454 2386 fiunilias
