1587 2533
140 124 219 176 248
484 132 728 164 EXTRACTS
756 134 892 164 FROM
920 134 1099 166 CICERO.
1313 137 1391 168 Sect-
1411 138 1450 168 V.

136 231 322 281 impunita
352 232 574 270 discesserit.
634 231 695 269 Sic
734 244 868 270 omnes
907 233 1196 278 arbitrabuntur,
1229 235 1449 283 praesertim
1470 251 1530 274 120

137 309 255 346 quum
275 297 370 335 haec
391 299 550 334 omnino
579 297 681 334 fama
701 297 748 334 de
768 304 987 334 nostrorum
1015 298 1217 335 hominum
1243 300 1393 337 avaritia
1413 306 1449 337 et

136 363 341 411 cupiditate
370 362 653 410 percrebruerit,
682 374 762 398 non
791 363 897 399 istius
929 362 1046 400 solius
1075 362 1149 400 hoc
1178 374 1262 400 esse
1291 363 1448 410 facinus,

135 427 203 464 sed
241 439 374 464 eorum
413 427 526 463 etiam
566 426 630 476 qui
668 427 924 475 approbarint.
1001 427 1112 464 Multi
1151 440 1271 476 reges,
1309 429 1448 466 multae

134 491 273 529 liberae
305 492 483 536 civitates,
517 492 624 528 multi
657 492 789 540 privati
823 492 992 541 opulenti
1025 504 1069 529 ac
1102 499 1278 541 potentes
1306 493 1448 531 habent

133 555 306 605 profecto
336 557 375 592 in
402 557 530 592 animo
558 555 790 605 Capitolium
820 557 872 593 sic
899 569 1045 601 ornare,
1066 563 1107 593 ut
1133 557 1264 606 templi
1285 558 1447 606 dignitas
1469 575 1527 606 1²5

133 621 358 670 imperiique
379 622 498 658 nostri
518 633 662 658 nomen
683 620 890 658 desiderat:
921 622 985 670 qui
1006 622 1035 658 si
1057 621 1314 667 intellexerint,
1335 623 1448 660 inter-

132 697 242 722 verso
272 686 388 734 regali
413 686 487 723 hoc
517 687 633 731 dono,
654 686 815 735 graviter
841 698 908 723 vos
937 686 1076 732 tulisse,
1097 693 1203 735 grata
1231 686 1312 724 fore
1341 688 1448 725 vobis

132 751 354 800 populoque
385 751 565 788 Romano
596 763 664 788 sua
689 752 813 789 studia
835 764 880 788 ac
907 751 1010 788 dona
1033 753 1323 790 arbitrabuntur.
1381 752 1449 790 Sin

131 816 207 853 hoc
228 828 296 853 vos
316 817 355 853 in
381 829 472 865 rege
492 824 570 854 tam
599 817 726 861 nobili,
749 817 787 852 in
815 828 854 852 re
881 823 960 853 tam
987 817 1138 857 eximia,
1158 817 1196 853 in
1216 817 1351 854 iniuria
1370 824 1448 855 tam

131 882 269 918 acerba
313 882 528 931 neglexisse
573 882 769 927 audierint,
808 893 888 918 non
926 888 1034 918 erunt
1071 887 1149 918 tam
1187 889 1368 928 amentes,
1407 890 1448 920 ut
1467 901 1529 932 130

131 958 299 995 operam,
321 960 463 993 curam,
484 947 686 996 pecuniam
712 946 937 996 impendant
962 947 1002 983 in
1030 958 1094 984 eas
1123 959 1195 993 res,
1217 959 1311 998 quas
1340 949 1448 987 vobis

129 1019 257 1060 gratas
278 1012 357 1049 fore
378 1025 458 1050 non
478 1013 716 1050 arbitrentur.

231 1160 271 1194 8.
299 1155 402 1193 How
431 1156 558 1194 Verres
577 1156 708 1193 robbed
722 1155 868 1206 Segesta
887 1157 934 1207 qs
944 1169 993 1194 an
1013 1156 1132 1205 image
1149 1155 1198 1206 qf
1206 1155 1348 1195 Diana.

187 1271 219 1297 1.
251 1259 410 1308 Segesta
433 1266 490 1297 est
519 1260 704 1309 oppidum
728 1267 902 1309 pervetus
933 1260 972 1297 in
1007 1260 1142 1306 Sicilia,
1163 1260 1319 1302 iudices,
1340 1260 1446 1310 quod

129 1326 177 1363 ab
198 1325 332 1361 Aenea
351 1324 519 1373 fugiente
539 1336 562 1361 a
582 1324 702 1362 Troia
728 1331 841 1374 atque
868 1326 907 1362 in
933 1325 1029 1363 haec
1054 1326 1140 1362 loca
1158 1326 1331 1362 veniente
1352 1337 1446 1363 con-

129 1391 249 1428 ditum
279 1402 361 1427 esse
392 1389 666 1426 demonstrant.
723 1389 857 1439 Itaque
889 1389 1087 1439 Segestani
1113 1402 1193 1427 non
1213 1390 1338 1427 solum
1360 1402 1445 1439 per-

126 1463 243 1504 petua
272 1455 453 1492 societate
483 1463 595 1503 atque
625 1454 800 1499 amicitia,
821 1467 953 1491 verum
991 1455 1105 1492 etiarn
1134 1455 1363 1503 cognatione
1402 1467 1443 1492 se

127 1533 214 1557 cum
253 1520 398 1569 populo
438 1519 619 1557 Romano
658 1520 884 1557 coniunctos
923 1532 1008 1557 esse
1045 1521 1278 1557 arbitrantur.
1352 1519 1479 1566 Hoe5

126 1586 324 1635 quondam
354 1585 552 1634 oppidum,
582 1597 700 1634 quum
727 1585 789 1622 illa
818 1585 946 1623 civitas
984 1597 1072 1622 cum
1100 1584 1240 1622 Poenis
1274 1596 1344 1622 suo
1372 1596 1443 1622 no-

125 1652 228 1688 mine
258 1663 301 1688 ac
329 1663 398 1688 sua
428 1656 566 1698 sponte
596 1650 761 1695 bellaret,
784 1663 805 1687 a
826 1650 1212 1698 Karthaginiensibus
1232 1650 1266 1686 vi
1287 1657 1443 1699 captum

125 1723 238 1764 atque
260 1716 425 1753 deletum
446 1723 523 1752 est:
545 1716 762 1764 omniaque,
779 1727 876 1764 quae
897 1723 1124 1753 ornamento
1144 1715 1227 1752 urbi
1247 1727 1331 1752 esse
1352 1727 1442 1764 pos-

125 1788 218 1826 sent,
249 1780 527 1829 Karthaginem
557 1788 644 1818 sunt
673 1793 720 1817 ex
750 1781 811 1818 illo
840 1781 927 1818 loco
958 1781 1166 1829 deportata.
1223 1780 1310 1817 Fuit
1339 1781 1441 1829 apud
1461 1797 1501 1820 ιο

125 1846 360 1895 Segestanos
385 1859 432 1884 ex
462 1859 547 1884 aere
574 1846 818 1883 simulacrum
837 1846 997 1892 Dianae,
1019 1859 1136 1895 quum
1158 1858 1308 1883 summa
1327 1854 1440 1896 atque

122 1913 384 1960 antiquissima
412 1913 626 1961 praeditum
655 1913 849 1960 religione,
870 1919 951 1949 tum
978 1911 1155 1960 singulari
1180 1923 1296 1960 opere
1325 1912 1438 1948 artifi-

121 1978 258 2026 cioque
279 1977 500 2026 perfectum.
544 1977 634 2014 Hoc
655 1977 829 2014 tralatum
845 1976 1134 2025 Karthaginem,
1146 1976 1275 2013 locum
1289 1983 1438 2014 tantum

120 2041 373 2090 hominesque
402 2049 585 2079 mutarat:
614 2043 838 2091 religionem
868 2042 1022 2092 quidem
1056 2042 1254 2091 pristinam
1283 2054 1437 2079 conser-

120 2108 243 2145 vabat.
301 2106 402 2143 Nam
423 2115 578 2156 propter
597 2108 774 2144 eximiam
794 2107 1112 2156 pulchritudinem
1128 2107 1242 2144 etiam
1262 2106 1435 2145 hostibus
1458 2123 1495 2156 15

120 2172 237 2221 digna
256 2184 372 2222 quam
393 2173 630 2209 sanctissime
651 2173 817 2210 colerent
836 2172 1041 2208 videbatur.
1097 2172 1256 2221 Aliquot
1276 2173 1435 2211 saeculis

118 2245 206 2287 post
236 2237 277 2275 P.
301 2237 427 2286 Scipio
456 2238 556 2275 bello
586 2239 730 2276 Punico
759 2239 868 2276 tertio
898 2237 1174 2286 Karthaginem
1204 2239 1330 2287 cepit:
1361 2252 1436 2288 qua

118 2305 155 2341 in
189 2303 355 2349 victoria,
389 2303 526 2350 (videte
564 2303 730 2340 hominis
768 2304 942 2340 virtutem
981 2311 1017 2340 et
1047 2303 1291 2352 diligentiam,
1320 2311 1361 2342 ut
1398 2312 1435 2342 et

118 2369 338 2407 domesticis
366 2368 689 2418 praeclarissimae
708 2369 854 2406 virtutis
882 2368 1067 2417 exemplis
1095 2369 1292 2418 gaudeatis
1321 2377 1358 2408 et
1386 2383 1432 2410 eo
