1587 2533
154 119 199 151 11.
218 127 250 152 2.
381 106 561 149 ROME’S
590 115 715 146 RULE
749 115 807 146 OF
836 115 930 144 HER
963 114 1245 145 PROVINCES.
1397 113 1475 156 227

150 217 213 256 hic
251 216 440 255 dedisset:
482 215 656 266 proinde,
691 214 722 252 si
761 220 920 264 saperet,
956 214 1098 252 videret
1135 212 1228 263 quid
1267 212 1338 251 sibi
1374 218 1478 250 esset

150 282 380 320 faciendum.
437 281 584 327 Homo,
605 292 841 329 quamquam
868 286 947 317 erat
974 286 1011 317 et
1037 279 1188 317 Siculus
1217 284 1254 316 et
1282 290 1381 323 reus,
1402 278 1477 315 hoe

149 353 217 393 est,
248 353 285 386 et
312 348 392 385 iure
425 347 557 396 iniquo
592 352 629 383 et
661 352 834 394 tempore
868 345 1040 390 adverso,
1071 344 1168 381 ferre
1202 350 1333 381 tamen
1362 350 1476 392 atque

88 423 132 452 40
149 413 278 450 audire
293 413 432 450 diutius
446 410 733 449 Timarchidem
750 422 830 447 non
846 411 992 459 potuit:
1014 408 1185 455 ‘Facite,'
1199 408 1333 458 inquit,
1348 410 1357 426 ‘
1370 407 1477 457 quod

147 479 257 515 vobis
277 478 367 515 libet
378 490 388 525 3
419 477 574 515 daturus
594 488 675 513 non
696 488 781 512 sum
802 474 990 524 amplius.5
1047 474 1234 523 Idemque
1251 474 1326 511 hoc
1342 473 1476 510 amicis

148 543 229 581 eius
256 550 292 580 et
317 542 583 580 defensoribus
609 541 826 578 videbatur:
858 547 973 590 atque
1001 552 1048 578 eo
1076 540 1190 577 etiam
1213 538 1349 588 magis,
1369 537 1476 587 quod

147 608 229 654 iste,
251 619 409 658 quoquo
436 606 555 644 modo
583 618 623 643 se
650 606 689 642 in
715 617 761 643 ea
787 605 1014 655 quaestione
1040 605 1261 655 praebebat,
1287 610 1416 641 tamen
1436 604 1476 640 in

148 674 310 711 consilio
339 673 505 709 habebat
534 670 712 708 homines
742 670 927 708 honestos
955 682 976 707 e
1004 675 1196 708 conventu
1221 669 1474 718 Syracusano,

87 744 129 780 45
148 739 213 788 qui
234 736 430 776 Sacerdoti
450 748 604 786 quoque
625 736 664 772 in
685 735 846 773 consilio
869 735 1016 772 fuerant
1037 741 1129 780 turn,
1151 746 1271 784 quum
1291 740 1349 772 est
1373 734 1476 771 idem

147 804 209 841 hic
245 803 406 852 Sopater
440 802 649 839 absolutus.
706 800 798 838 Hoc
832 801 989 838 rationis
1019 800 1223 845 habebant,
1254 799 1379 837 facere
1408 811 1475 836 eos

147 865 252 903 nullo
281 865 401 902 modo
434 876 562 914 posse,
591 870 634 901 ut
668 863 806 901 eodem
836 863 1006 908 crimine,
1037 862 1174 899 iisdem
1203 862 1373 907 testibus,
1405 860 1475 898 So-

146 936 298 979 patrum
318 929 622 967 condemnarent
642 929 757 966 iidem
778 928 966 973 homines,
988 927 1054 977 qui
1074 934 1187 964 antea
1211 926 1473 964 absolvissent.

146 995 282 1045 Itaque
308 995 381 1033 hac
407 1007 486 1032 una
513 1007 581 1044 spe
608 994 657 1032 ad
683 994 866 1031 iudicium
888 994 1050 1031 venitur.
1107 992 1199 1039 Quo
1219 998 1474 1041 posteaquam

87 1073 129 1106 50
146 1068 302 1098 ventum
321 1067 390 1107 est,
411 1073 530 1110 quum
550 1061 589 1097 in
610 1060 812 1098 consilium
831 1059 1050 1109 frequentes
1067 1057 1339 1095 convenissent
1358 1056 1474 1094 iidem

146 1127 212 1177 qui
239 1126 423 1172 solebant,
445 1132 482 1163 et
501 1126 574 1164 hac
600 1138 677 1163 una
703 1137 771 1174 spe
798 1130 878 1162 tota
905 1123 1078 1162 defensio
1107 1122 1261 1172 Sopatri
1280 1123 1472 1166 niteretur,

145 1194 292 1232 consilii
312 1193 526 1242 frequentia
552 1198 589 1230 et
615 1192 808 1241 dignitate,
831 1197 868 1229 et
895 1190 1000 1241 quod
1028 1196 1145 1236 erant,
1166 1195 1208 1226 ut
1235 1188 1324 1234 dixi,
1344 1188 1473 1233 iidem,

146 1259 212 1309 qui
241 1265 353 1296 antea
385 1257 591 1307 Sopatrum
619 1257 760 1295 eodem
788 1256 852 1294 illo
882 1256 1039 1294 crimine
1068 1256 1295 1292 liberarant:
1325 1265 1473 1303 cogno-

146 1325 239 1362 scite
268 1324 435 1361 hominis
468 1329 652 1372 apertam,
682 1334 727 1360 ac
756 1333 838 1359 non
871 1321 990 1359 modo
1021 1333 1102 1359 non
1134 1320 1295 1365 ratione,
1325 1319 1393 1356 sed
1423 1331 1473 1356 ne

86 1398 125 1430 55
146 1390 448 1428 dissimulatione
487 1389 644 1439 quidem
681 1394 821 1425 tectam
859 1387 1144 1436 improbitatem
1183 1391 1220 1423 et
1258 1384 1471 1422 audaciam.

145 1455 200 1493 M.
223 1455 410 1500 Petilium,
432 1456 601 1504 equitem
631 1453 866 1499 Romanurn,
888 1464 1005 1503 quem
1033 1451 1202 1489 habebat
1230 1450 1270 1487 in
1299 1449 1472 1495 consilio,

145 1522 250 1560 iubet
279 1533 438 1571 operam
467 1520 569 1566 dare,
590 1520 695 1569 quod
723 1519 776 1556 rei
805 1519 972 1568 privatae
1002 1517 1118 1555 iudex
1148 1521 1260 1554 esset.
1316 1514 1472 1553 Petilius

142 1589 355 1633 recusabat,
376 1586 482 1637 quod
504 1598 595 1624 suos
616 1586 773 1631 amicos,
795 1597 893 1634 quos
914 1585 985 1622 sibi
1005 1584 1044 1621 in
1065 1583 1225 1621 consilio
1245 1594 1330 1620 esse
1349 1581 1471 1628 vellet,

76 1674 79 1678 ,
145 1654 226 1704 ipse
254 1653 394 1692 Verres
427 1653 617 1690 retineret.
674 1651 751 1689 Iste
779 1651 899 1689 homo
927 1650 1091 1688 liberalis
1120 1654 1237 1698 negat
1266 1660 1307 1686 se
1336 1660 1471 1698 quem-

85 1719 128 1752 60
144 1731 262 1769 quarn
298 1719 460 1756 retinere
499 1729 644 1762 eorum,
674 1717 740 1766 qui
776 1716 913 1753 Petilio
950 1715 1089 1754 vellent
1126 1714 1275 1751 adesse.
1333 1712 1471 1762 Itaque

144 1785 346 1824 discedunt
378 1796 527 1822 omnes.
583 1782 688 1821 Nam
721 1782 837 1820 ceteri
870 1793 1026 1831 quoque
1059 1781 1276 1829 impetrant,
1305 1790 1356 1816 ne
1384 1779 1469 1816 reti-

144 1857 317 1896 neantur,
338 1849 404 1900 qui
431 1861 472 1887 se
495 1848 590 1886 velle
617 1848 797 1886 dicebant
823 1846 990 1884 alterutri
1017 1857 1162 1891 eorum,
1184 1845 1249 1894 qui
1269 1851 1351 1882 tum
1376 1843 1470 1882 illud

114 1964 117 1966 Ι
143 1917 326 1955 iudicium
362 1916 567 1962 habebant,
607 1914 755 1952 adesse.
824 1913 959 1962 Itaque
1004 1913 1075 1949 iste
1119 1912 1224 1949 solus
1267 1922 1357 1948 cum
1399 1922 1470 1948 sua

144 1983 303 2021 cohorte
335 1982 571 2031 nequissima
603 1980 839 2030 relinquitur.
895 1978 988 2016 Non
1023 1978 1221 2016 dubitabat
1258 1976 1466 2022 Minucius,

86 2054 124 2095 65
144 2051 210 2100 qui
231 2049 437 2098 Sopatrum
452 2047 694 2091 defendebat,
716 2047 808 2096 quin
829 2046 909 2091 iste,
927 2045 1113 2095 quoniam
1132 2043 1335 2081 consilium
1355 2043 1466 2080 dimi-

145 2118 264 2162 sisset,
294 2115 358 2152 illo
389 2114 450 2151 die
478 2125 560 2150 rem
588 2113 691 2150 illam
720 2112 961 2161 quaesiturus
990 2122 1071 2147 non
1100 2116 1221 2148 esset:
1260 2121 1381 2159 quum
1408 2121 1467 2146 re-

143 2188 257 2232 pente
291 2181 441 2218 iubetur
469 2178 606 2233 diffissss:
663 2176 911 2232 Respondet:
954 2175 1039 2227 ‘Ad
1060 2175 1205 2227 quos?’
1264 2174 1350 2212 ‘Ad
1378 2174 1464 2221 me,'

143 2261 153 2284 1
145 2247 307 2300 υςῇιῐῑ
321 2245 352 2282 si
371 2244 438 2282 tibi
457 2243 620 2281 idoneus
638 2242 780 2288 videor,
802 2242 867 2291 qui
888 2227 946 2279 de
950 2227 1113 2278 homine
1134 2239 1261 2278 Siculo
1281 2252 1325 2277 ac
1346 2238 1466 2277 Grae-

142 2313 229 2351 culo
245 2309 434 2349 iudicem?
493 2308 684 2346 ‘Idoneus
705 2320 758 2348 es
762 2308 931 2357 'inquit3
961 2306 1051 2344 ‘sed
1067 2306 1271 2356 pervellem
1287 2305 1466 2342 adessent

86 2377 178 2425 50tii,
199 2377 263 2427 qui
284 2375 472 2413 affuerant
497 2379 610 2412 antea
628 2384 862 2422 causamque
883 2371 1120 2421 cognorant.’
1179 2370 1300 2418 ‘Dic,’
1320 2371 1464 2421 inquit:
