1587 2533
152 98 196 131 11.
225 104 259 135 3·
388 86 566 128 ROME'S
595 93 719 126 RULE
750 96 809 126 OF
837 96 933 128 HER
965 97 1243 127 PROVINCES.
1391 100 1469 143 231

148 197 274 236 solum
295 197 334 234 in
355 198 448 235 orbe
464 204 659 243 terrarum,
676 195 779 234 unde
796 196 888 233 nihil
905 196 1093 234 eiusmodi
1110 209 1236 234 rerum
1254 196 1300 234 de
1317 196 1472 246 publico

86 271 127 314 65
147 276 216 313 per
235 262 322 309 vim,
344 263 437 300 nihil
463 262 622 307 occulte,
644 261 737 298 nihil
763 262 936 310 imperio,
959 262 1051 298 nihil
1078 262 1209 310 gratia,
1231 262 1322 299 nihil
1350 263 1472 311 pretio

150 334 280 378 posset
301 328 459 366 auferre.
500 327 778 365 Verumtamen
798 327 912 365 hasce
929 328 1010 365 eius
1031 327 1257 376 cupiditates
1278 340 1473 377 exponam

148 395 222 432 alio
251 394 362 431 loco:
402 405 507 431 nune
540 393 589 430 ad
620 391 821 429 Sthenium
852 398 1027 430 revertar.
1085 393 1222 442 Itaque
1260 393 1330 430 iste
1359 393 1473 430 vehe-

148 465 298 497 menter
326 458 484 496 Sthenio
510 458 681 495 infensus
708 457 918 506 hospitium
945 459 979 495 ei
1005 458 1221 495 renuntiat:
1253 458 1371 496 domo
1392 458 1473 495 eius

149 525 309 574 emigrat
346 531 462 573 atque
499 524 598 561 adeo
626 523 724 560 exit:
763 535 854 560 nam
893 523 969 560 iam
999 530 1087 560 ante
1125 524 1315 572 migrarat.
1371 523 1474 560 Eum

90 596 131 632 7ο
149 596 278 627 autem
307 589 557 627 inimicissimi
587 588 734 626 Sthenii
763 588 923 626 domum
951 600 1059 626 suam
1087 590 1214 626 statim
1241 589 1410 635 invitant,
1432 596 1474 626 ut

149 656 322 693 animum
351 655 432 692 eius
457 655 496 692 in
524 654 724 692 Sthenium
748 653 1031 691 inflammarent
1057 655 1304 692 ementiendo
1331 654 1474 703 aliquid

149 727 187 758 et
216 720 467 758 criminando.
524 719 579 757 Hi
608 726 737 756 autem
775 726 883 756 erant
918 719 1062 756 inimici
1092 720 1323 769 Agathinus,
1353 719 1473 757 homo

149 786 299 831 nobilis,
317 792 354 823 et
373 785 605 831 Dorotheus,
623 785 688 834 qui
709 785 874 822 habebat
889 785 929 822 in
944 785 1190 823 matrimonio
1207 785 1471 832 Callidamam,

150 851 333 901 Agathini
353 852 433 890 eius
453 851 582 888 filiam.

91 923 131 958 75
207 929 242 964 4.
271 917 406 967 Itaque
433 917 573 954 hortari
600 916 776 954 homines
797 916 936 966 coepit,
957 923 999 955 ut
1025 916 1168 966 aliquid
1195 916 1353 955 Sthenio
1374 919 1472 967 peri-

151 983 224 1021 culi
245 989 417 1020 crearent
438 982 684 1032 criminisque
705 983 981 1032 confingerent.
1038 982 1230 1020 Dicebant
1250 996 1290 1021 se
1310 984 1361 1020 illi
1382 983 1473 1021 nihil

149 1047 303 1093 habere,
324 1048 430 1098 quod
449 1048 630 1085 dicerent.
688 1047 792 1085 Tum
812 1049 882 1085 iste
908 1048 967 1085 his
987 1055 1117 1097 aperte
1138 1049 1304 1086 ostendit
1324 1056 1361 1086 et
1381 1061 1473 1086 con-

150 1113 323 1155 firmavit,
345 1125 413 1151 eos
442 1113 482 1151 in
513 1113 726 1159 Sthenium,
748 1114 936 1163 quidquid
965 1114 1115 1160 vellent,
1137 1114 1249 1151 simul
1280 1121 1394 1164 atque
1424 1115 1474 1152 ad

150 1189 191 1216 se
213 1178 445 1224 detulissent,
467 1179 707 1228 probaturos.
765 1178 824 1215 Ita
850 1179 901 1215 illi
921 1190 1001 1216 non
1028 1180 1330 1228 procrastinant:
1363 1179 1472 1217 Sthe-

89 1245 131 1277 80
150 1244 258 1280 nium
285 1244 411 1282 statim
439 1244 628 1282 educunt:
659 1244 765 1281 aiunt
791 1244 840 1281 ab
861 1255 907 1281 eo
927 1244 1068 1282 litteras
1088 1245 1261 1294 publicas
1282 1258 1367 1283 esse
1389 1258 1473 1284 cor-

147 1315 289 1358 ruptas.
340 1308 520 1347 Sthenius
540 1310 718 1359 postulat,
736 1316 776 1346 ut
797 1322 916 1359 quum
937 1322 1070 1347 secum
1087 1311 1146 1348 sui
1167 1311 1267 1348 cives
1288 1319 1405 1361 agant
1425 1312 1473 1350 de

146 1375 275 1413 litteris
296 1376 457 1425 publicis
479 1376 677 1425 corruptis,
699 1376 856 1425 eiusque
883 1376 937 1413 rei
957 1376 1104 1425 legibus
1133 1376 1473 1416 Thermitanorum

147 1441 247 1478 actio
277 1442 345 1488 sit,
376 1453 495 1491 quum
521 1449 676 1479 senatus
700 1442 944 1491 populusque
972 1441 1174 1479 Romanus
1200 1442 1472 1491 Thermitanis,

148 1505 254 1556 quod
283 1518 435 1555 semper
463 1506 502 1543 in
532 1507 699 1544 amicitia
728 1507 880 1556 fideque
910 1507 1154 1553 mansissent,
1175 1509 1321 1554 urbem,
1344 1522 1470 1560 agros,

90 1571 130 1612 85
148 1571 330 1620 legesque
352 1583 441 1609 suas
461 1572 712 1619 reddidisset;
743 1571 977 1621 Publiusque
1000 1572 1177 1622 Rupilius
1204 1581 1341 1623 postea
1366 1575 1472 1626 leges

148 1637 200 1673 ita
225 1635 360 1675 Siculis
386 1649 434 1674 ex
462 1638 793 1676 senatusconsulto
822 1638 869 1675 de
891 1638 1026 1676 decem
1046 1639 1263 1687 legatorum
1284 1643 1473 1680 sententia

148 1701 326 1748 dedisset,
356 1708 399 1740 ut
427 1703 528 1741 cives
555 1704 652 1741 inter
683 1716 767 1742 sese
796 1704 946 1752 legibus
975 1705 1052 1757 suis
1082 1712 1260 1754 agerent;
1292 1706 1472 1758 idemque

148 1767 223 1805 hoc
242 1767 398 1806 haberet
417 1767 558 1807 Verres
581 1769 662 1819 ipse
683 1769 724 1806 in
743 1769 870 1807 edicto
889 1782 899 1816 ;
929 1776 970 1807 ut
996 1770 1044 1807 de
1069 1770 1128 1808 his
1148 1772 1327 1810 omnibus
1347 1774 1472 1811 causis

149 1845 191 1871 se
211 1834 261 1871 ad
280 1834 386 1883 leges
405 1835 587 1873 reiiceret.
635 1835 729 1882 Iste,
751 1835 870 1873 homo
886 1836 1061 1874 omnium
1082 1837 1336 1887 aequissimus
1357 1846 1473 1889 atque

89 1911 173 1946 90a
211 1899 418 1949 cupiditate
446 1901 734 1945 remotissimus,
770 1913 811 1939 se
849 1895 1470 1950 cognituruiii'”E§§‹}‘”confirmat:

149 1971 326 2014 paratum
346 1965 396 2002 ad
415 1977 571 2003 causam
591 1966 794 2004 dicendam
815 1966 943 2004 venire
962 1966 1058 2004 hora
1078 1967 1334 2007 noria’ififfetl*
1349 1968 1364 1972 ”’
1376 1967 1473 2007 Non

150 2036 230 2067 erat
259 2031 479 2077 obscurum,
507 2032 599 2081 quid
627 2032 746 2069 homo
775 2032 973 2081 improbus
1002 2044 1047 2070 ac
1077 2033 1244 2072 nefarius
1274 2035 1472 2085 cogitaret.

150 2096 392 2134 Intellectum
419 2103 487 2143 est,
503 2098 543 2135 id
568 2098 683 2135 istum
714 2110 839 2147 agere,
856 2104 908 2142 ut,
925 2110 1045 2147 quum
1067 2098 1266 2138 Sthenium
1293 2102 1374 2140 sine
1395 2103 1473 2140 ullo

150 2168 380 2211 argumento
410 2175 455 2200 ae
485 2164 567 2201 sine
595 2170 690 2201 teste
720 2164 952 2209 damnasset,
973 2170 1055 2201 tum
1083 2163 1203 2203 homo
1232 2167 1397 2205 nefarius
1425 2168 1473 2206 de

89 2236 131 2269 95
150 2227 308 2265 homine
346 2229 464 2265 nobili
494 2235 608 2279 atque
647 2229 686 2266 id
715 2230 848 2267 aetatis
878 2241 1026 2280 suoque
1055 2229 1207 2280 hospite
1236 2232 1351 2281 virgis
1382 2245 1472 2283 sup-

151 2294 309 2344 plicium
347 2295 607 2333 crudelissime
646 2302 824 2333 sumeret.
881 2294 998 2342 Quod
1039 2309 1159 2346 quum
1197 2305 1298 2336 esset
1326 2301 1472 2350 perspi-

150 2371 278 2407 cuum,
299 2359 346 2398 de
367 2361 578 2399 amicorum
604 2361 878 2412 hospitumque
908 2373 1065 2400 suorum
1085 2364 1273 2401 sententia
1293 2363 1472 2403 Thermis
