1587 2533
506 105 682 135 ROMAN
708 103 991 134 ANECDOTES.
1353 91 1400 131 81

92 198 181 235 ‘Tu
210 198 274 236 illo
303 198 431 247 plures
460 198 586 236 mittas
615 196 792 247 oportet,’
822 196 954 246 inquit,
977 195 1024 233 ‘si
1053 194 1167 232 hodie
1196 194 1251 231 vis
1283 200 1403 231 trans-

90 263 305 301 numerari.'
346 263 479 312 ‘Age‚'
501 263 631 313 inquit,
663 262 759 300 ‘duc
787 268 913 299 tecum
941 260 1133 298 Libanum
1161 265 1198 296 et
1229 258 1404 296 Sosiam!

91 331 99 346 ‘
118 325 243 365 Sane.’
327 327 480 366 Deinde
509 341 601 366 casu
630 328 785 365 veniunt
813 327 983 376 hospites
1013 325 1169 370 homini,
1200 324 1264 374 qui
1292 324 1405 361 istum

33 410 72 431 20
90 393 300 442 splendide,
335 393 426 430 dum
464 393 735 442 peregrinatur,
773 393 984 430 invitarant.
1057 391 1116 428 Ex
1146 403 1192 428 ea
1219 402 1259 426 re
1287 389 1405 426 homo

89 458 215 495 hercle
245 470 336 495 sane
366 459 623 504 conturbatur,
657 458 725 496 sed
763 464 892 495 tamen
935 470 958 495 a
1001 457 1088 494 vitio
1131 461 1288 493 naturae
1327 466 1406 491 non

88 524 240 561 recedit.
298 524 450 569 ‘Benej
479 524 611 573 inquit,
633 523 789 568 ‘facitis,
820 535 939 571 quum
970 522 1124 568 venitis3
1171 521 1239 558 sed
1268 520 1429 558 rectius,

90 588 284 635 fecissetis,
315 588 346 626 si
375 589 425 626 ad
461 600 524 625 me
557 588 717 626 domum
754 594 857 626 recta
895 586 1106 625 abiissetis.’
1182 586 1254 623 ‘ld
1284 585 1407 639 iffi&
1441 626 1445 629 ,

89 653 241 700 semus,'
280 653 455 702 inquiunt
488 653 550 701 illi,
584 654 636 706 ‘si
664 653 824 691 domum
857 651 1120 691 novissemus.’
1197 651 1271 688 ‘At
1309 649 1408 688 istud

34 729 70 762 ²5
90 706 245 767 {uidem
274 718 383 756 facile
412 718 481 756 fuit
510 718 706 757 undelibet
734 718 915 756 invenire.
972 717 1120 755 Verum
1150 717 1198 755 ite
1232 715 1408 753 mecum.y

92 784 310 833 Sequuntur
338 784 399 822 illi.
475 783 610 822 Sermo
640 785 781 822 interea
808 784 920 822 huius
950 783 1186 822 consumitur
1216 782 1342 820 omnis
1372 782 1409 818 in

91 849 358 887 ostentatione.
443 848 616 896 Quaerit,
645 850 684 887 in
712 849 814 898 agris
844 849 1059 887 cuiusmodi
1088 848 1278 886 frumenta
1312 848 1409 893 sint;

91 921 206 963 negat
244 926 296 960 se,
331 914 422 963 quia
459 914 569 951 villae
607 915 787 952 incensae
825 915 910 960 sint,
950 914 1134 952 accedere
1173 925 1300 963 posse,
1339 924 1410 949 nec

92 981 291 1018 aedificare
312 981 426 1020 etiam
446 992 549 1017 nunc
569 980 708 1018 audere
719 993 729 1028 3
761 980 931 1017 ‘tametsi
952 981 990 1017 in
1011 979 1237 1017 Tusculano
1254 977 1408 1028 quidem

34 1061 75 1097 30
92 1045 203 1095 coepi
236 1045 401 1083 insanire
424 1051 462 1082 et
493 1045 532 1082 in
563 1045 699 1083 iisdem
731 1044 990 1083 fundamentis
1023 1043 1248 1082 aedificare.’
1307 1043 1410 1080 Dum

91 1113 186 1151 haec
207 1112 385 1161 loquitur,
406 1112 508 1150 venit
528 1112 568 1149 in
595 1112 710 1150 aedes
738 1111 937 1161 quasdam,
960 1112 998 1148 in
1025 1112 1163 1161 quibus
1195 1110 1411 1148 sodalitium

93 1184 173 1216 erat
195 1178 336 1215 eodem
359 1177 419 1214 die
440 1177 619 1224 futurum,
642 1190 719 1227 quo
742 1177 811 1215 iste
836 1190 906 1227 pro
932 1177 1066 1214 notitia
1090 1176 1236 1214 domini
1261 1175 1413 1214 aedium

93 1243 303 1293 ingreditur
332 1254 420 1280 cum
450 1242 676 1292 hospitibus.
751 1242 880 1299 (ῌΞςξ
905 1243 1044 1295 inquit,
1076 1241 1253 1280 ‘habito.'
1325 1240 1413 1278 Per-

95 1309 206 1359 spicit
247 1314 461 1357 argentum,
505 1308 610 1359 quod
650 1315 730 1346 erat
769 1296 1012 1358 expositum3
1083 1308 1168 1345 visit
1211 1299 1413 1346 triclinium

38 1390 76 1421 35
97 1381 279 1419 stratum;
336 1374 484 1423 probat.
560 1373 721 1412 Accedit
751 1373 946 1412 servulus:
1003 1373 1091 1412 dicit
1120 1373 1267 1411 homini
1305 1372 1415 1418 clam,

97 1441 298 1479 dominum
325 1439 403 1476 iam
431 1445 645 1486 venturum,
676 1440 706 1477 si
734 1439 821 1477 velit
851 1440 964 1477 exire.
1029 1437 1210 1477 ‘Itane?'
1267 1439 1391 1488 inquit
1406 1451 1416 1485 ;

97 1510 252 1544 ‘eamus
280 1504 481 1554 hospites;
525 1504 638 1543 frater
661 1505 762 1543 venit
788 1518 836 1543 ex
864 1505 1046 1543 Salerno:
1087 1517 1162 1554 ego
1186 1504 1236 1541 illi
1264 1505 1415 1542 obviam

97 1584 280 1622 pergam3
336 1582 405 1608 vos
436 1570 511 1609 huc
545 1571 709 1609 decuma
741 1569 928 1610 venitote!
985 1570 1173 1620 Hospites
1205 1570 1414 1607 discedunt.

98 1638 175 1676 Iste
196 1650 237 1676 se
256 1637 394 1687 raptim
421 1637 581 1675 domum
607 1650 717 1676 suam
743 1638 916 1685 coniicit;
946 1637 996 1675 illi
1027 1637 1200 1682 decuma,
1232 1649 1310 1686 quo
1342 1637 1417 1674 ius-

40 1721 80 1751 40
101 1710 211 1750 serat,
232 1704 411 1741 veniunt:
451 1710 639 1753 quaerunt
662 1704 790 1751 hunc;
833 1705 1036 1753 reperiunt,
1070 1703 1209 1741 domus
1236 1703 1322 1740 cuia
1347 1702 1394 1740 sit
1408 1715 1418 1749 ;

100 1770 141 1807 in
179 1769 426 1807 diversorium
465 1769 577 1806 derisi
614 1770 817 1807 conferunt
854 1782 950 1807 sese.
985 1774 990 1776 ’
1035 1768 1179 1807 Vident
1222 1769 1420 1806 hominem

101 1841 254 1886 postera
282 1835 343 1872 die
359 1847 369 1881 ;
412 1841 578 1882 narrant,
608 1836 863 1886 expostulant,
893 1841 1085 1873 accusant.
1160 1835 1226 1872 Ait
1254 1835 1323 1872 iste
1352 1847 1420 1873 eos

102 1900 345 1938 similitudine
371 1900 445 1938 loci
472 1901 656 1951 deceptos
683 1903 888 1952 angiporto
915 1908 996 1939 toto
1020 1901 1235 1948 deerrasse3
1267 1913 1308 1938 se
1329 1913 1420 1938 con-

102 1973 160 2005 tra
178 1966 436 2004 valetudinem
463 1979 573 2005 suam
600 1967 650 2006 ad
676 1976 832 2007 noctem
852 1967 1011 2005 multam
1031 1975 1266 2017 expectasse.
1325 1967 1416 2004 San-

42 2047 81 2080 45
103 2033 208 2070 nioni
236 2044 357 2082 puero
386 2033 586 2082 negotium
616 2033 784 2081 dederat,
815 2040 855 2071 ut
883 2045 983 2079 vasa,
1014 2033 1250 2080 vestimenta,
1279 2046 1421 2084 pueros

103 2104 334 2148 corrogaret.
393 2097 568 2137 Servulus
598 2112 678 2138 non
712 2100 922 2138 inurbanus
956 2100 1045 2137 satis
1076 2105 1227 2138 strenue
1262 2106 1299 2138 et
1328 2111 1422 2137 con—

104 2165 217 2202 cinne
238 2170 437 2214 comparat
449 2178 459 2212 ;
489 2165 559 2203 iste
580 2165 753 2215 hospites
773 2167 936 2204 domum
957 2165 1121 2203 deducit.
1160 2165 1226 2203 Ait
1246 2177 1286 2203 se
1307 2165 1422 2202 aedes

103 2231 292 2269 maximas
320 2230 473 2268 cuidam
501 2231 627 2269 amico
657 2232 706 2270 ad
734 2231 890 2282 nuptias
924 2231 1205 2269 commodasse.
1264 2229 1423 2268 Nuntiat

104 2307 210 2346 puer,
240 2302 442 2346 argentum
469 2298 589 2347 repeti
612 2299 877 2348 (pertimuerat
903 2297 1018 2343 enim,
1038 2298 1104 2346 qui
1128 2297 1422 2344 commodarat).

48 2371 88 2403 50
105 2361 266 2412 ‘Apage
313 2362 374 2408 te‚’
422 2363 556 2412 inquit,
604 2366 613 2383 ‘
630 2364 743 2402 aedes
795 2363 1048 2402 commodavi.
1100 2363 1280 2400 familiam
1326 2362 1424 2407 dedi,

752 2441 778 2468 G
