1587 2533
158 120 184 159 4
507 117 566 146 EX
572 116 660 146 TRA
668 117 748 147 CTS
777 117 837 147 FR
843 117 912 148 OM
941 118 989 147 CI
990 117 1076 147 C'ER
1083 117 1119 148 Ο.

157 216 193 246 et
220 211 473 259 praebitorem
502 218 653 260 sperent
683 210 806 248 fore?'
865 211 970 248 Bene
992 210 1228 247 ‘ministrum
1255 215 1292 245 et
1318 208 1469 256 praebi-

156 274 301 320 torem‚'
323 276 412 323 quia
433 276 630 312 sordidum
649 276 729 324 regi
747 290 753 313 :
789 276 923 313 melius
951 275 1076 320 etiam,
1098 274 1203 323 quod
1229 273 1470 322 largitionem

155 339 409 388 corruptelam
434 340 525 377 dixit
553 353 646 378 esse.
705 340 765 377 Fit
792 341 895 377 enim
921 340 1084 377 deterior
1104 340 1168 387 qui
1189 339 1335 387 accipit,
1356 343 1470 386 atque

156 404 204 441 ad
222 404 324 441 idem
346 417 495 453 semper
514 404 813 453 exspectandum
834 405 1009 454 paratior.
1068 403 1159 441 Hoc
1185 403 1246 440 ille
1273 403 1372 440 filio:
1403 401 1469 439 sed

155 476 400 519 praeceptum
419 476 598 519 putemus
619 470 810 507 omnibus.
1491 469 1530 492 10

596 595 635 629 3.
674 590 805 640 Proof
822 591 870 638 of
889 589 1031 638 Sanz‘ly.

211 688 422 738 Sophocles
449 689 497 726 ad
525 701 715 726 summam
735 694 972 726 senectutem
993 687 1209 736 tragoedias
1230 686 1338 722 fecit:
1369 685 1471 735 quod

155 761 308 802 propter
337 755 504 792 studium
534 766 653 802 quum
682 766 763 790 rem
793 753 986 802 negligere
1021 752 1243 789 familiarem
1272 751 1469 795 videretur,

155 831 177 855 a
207 819 290 856 filiis
324 819 362 855 in
393 819 574 856 iudicium
606 826 762 855 vocatus
795 826 861 863 est,
891 825 942 863 ut,
974 817 1304 867 quemadmodum
1338 822 1470 852 nostro

155 896 261 921 more
295 883 394 921 male
427 896 507 920 rem
542 884 760 931 gerentibus
799 884 968 932 patribus
1007 883 1118 920 bonis
1156 882 1327 919 interdici
1366 880 1471 926 solet,

155 950 208 987 sic
241 948 346 985 illum
380 949 488 997 quasi
523 949 775 997 desipientem
809 961 832 985 a
864 961 903 985 re
937 947 1109 985 familiari
1142 952 1380 984 removerent
1416 946 1508 986 iu-5

155 1015 268 1052 dices.
326 1013 429 1050 Tum
461 1026 577 1051 senex
609 1014 743 1051 dicitur
773 1026 859 1051 eam
891 1013 1058 1050 fabulam
1088 1025 1203 1062 quam
1232 1012 1270 1049 in
1296 1011 1473 1048 manibus

154 1080 319 1116 habebat
340 1085 376 1116 et
396 1079 570 1127 proxime
591 1079 804 1128 scripserat,
828 1077 1023 1127 Oedipum
1044 1077 1273 1123 Coloneum,
1294 1076 1472 1114 recitasse

154 1145 353 1190 iudicibus,
384 1145 657 1194 quaesisseque
691 1157 784 1181 num
818 1144 909 1181 illud
943 1156 1096 1181 carmen
1126 1142 1344 1192 desipientis
1373 1141 1473 1179 vide-

156 1217 267 1247 retur.
325 1208 416 1255 Quo
437 1210 605 1255 recitato,
628 1209 823 1247 sententiis
845 1209 1013 1246 iudicum
1034 1215 1090 1246 est
1109 1208 1298 1246 liberatus.

596 1389 635 1422 4.
679 1384 718 1421 T
712 1398 777 1422 rue
805 1385 1039 1434 Frz'endslzz‘p.

212 1483 434 1521 Damonem
471 1489 508 1520 et
546 1483 737 1520 Phintiam
776 1483 1037 1533 Pythagoreos
1076 1484 1200 1521 ferunt
1237 1483 1310 1520 hoc
1343 1483 1473 1521 animo

158 1549 254 1586 inter
285 1561 325 1586 se
359 1549 483 1594 fuisse,
516 1555 566 1594 ut,
599 1561 717 1597 quum
749 1561 883 1586 eorum
914 1549 1017 1586 alteri
1051 1549 1259 1598 Dionysius
1292 1555 1474 1598 tyrannus

157 1615 259 1652 diem
302 1615 407 1651 necis
454 1614 728 1659 destinavisset,
768 1621 805 1651 et
843 1615 874 1652 is
913 1615 978 1663 qui
1014 1615 1126 1652 morti
1165 1614 1336 1651 addictus
1375 1620 1475 1652 esset

155 1691 301 1729 paucos
331 1679 402 1716 sibi
431 1679 512 1716 dies
542 1679 939 1716 commendandorum
975 1691 1131 1716 suorum
1165 1691 1280 1717 causa
1308 1679 1474 1728 postula-

155 1746 281 1790 visset,
321 1756 385 1781 vas
428 1744 549 1781 factus
588 1752 644 1782 est
682 1745 775 1782 alter
813 1745 894 1782 eius
933 1745 1100 1791 sistendi,
1137 1752 1189 1791 ut,
1229 1745 1259 1782 si
1296 1745 1355 1781 ille
1393 1756 1510 1792 non5

155 1811 380 1856 revertisset,
412 1811 655 1847 moriendum
688 1817 789 1848 esset
821 1812 905 1860 ipsi.
963 1811 1041 1857 Qui
1071 1824 1190 1860 quum
1221 1811 1269 1848 ad
1301 1811 1403 1848 diem
1434 1824 1475 1849 se

155 1876 369 1925 recepisset,
391 1875 597 1912 admiratus
623 1887 758 1912 eorum
783 1876 899 1913 fidem
922 1882 1104 1925 tyrannus
1130 1877 1259 1926 petivit
1287 1883 1328 1913 ut
1356 1889 1397 1914 se
1426 1876 1476 1914 ad

156 1942 359 1980 amicitiam
380 1941 531 1978 tertium
551 1942 794 1980 ascriberent.

558 2071 597 2105 5.
636 2067 830 2115 Lysander
859 2072 900 2105 at
926 2052 1071 2105 Ξάνᾶῑζς.

211 2167 387 2205 Socrates
426 2166 466 2202 in
500 2165 772 2215 Xenophontis
799 2165 1066 2204 Oeconomico
1092 2167 1254 2216 loquitur
1280 2179 1369 2205 cum
1393 2167 1475 2205 Cri-

158 2232 301 2278 tobulo,
350 2230 494 2280 Cyrum
541 2230 739 2276 minorem,
788 2243 919 2280 regem
966 2231 1168 2268 Persarum
1220 2239 1476 2281 praestantem

157 2298 312 2347 ingenio
351 2304 463 2345 atque
501 2296 650 2344 imperii
697 2296 827 2344 gloria,
868 2309 987 2345 quum
1035 2296 1233 2345 Lysander
1280 2296 1476 2334 Lacedae-

159 2363 322 2408 monius,
351 2361 404 2398 vir
432 2372 605 2398 summae
632 2361 787 2406 virtutis,
815 2362 980 2399 venisset
1009 2361 1058 2398 ad
1088 2373 1175 2399 eum
1206 2361 1335 2399 Sardis
1364 2363 1475 2411 eique
