1587 2533
151 107 229 138 Sect.
246 107 301 137 IV.
531 104 619 135 BEA
631 104 764 135 UTIES
795 104 853 134 OF
882 103 944 134 NA
954 104 1089 135 TURE.
1395 103 1475 147 175

155 205 353 255 repellunt.
388 204 521 243 Genae
543 204 680 242 deinde
701 203 750 241 ab
770 203 947 241 inferiore
967 210 1073 253 parte
1093 208 1262 240 tutantur
1284 202 1476 240 subiectae

152 271 362 320 leniterque
394 270 616 307 eminentes.
674 268 880 317 Nasusque
914 270 966 306 ita
1003 269 1149 306 locatus
1189 274 1256 313 est,
1290 274 1331 304 ut
1366 269 1475 316 quasi

71 352 134 383 330
152 347 284 373 murus
305 334 425 372 oculis
447 335 663 372 interiectus
679 345 763 371 esse
779 333 960 371 videatur.
1003 333 1163 371 Auditus
1181 339 1309 371 autem
1323 345 1476 381 semper

150 406 276 449 patet余
317 400 398 437 eius
433 399 534 437 enim
565 411 680 436 sensu
710 398 823 435 etiam
853 398 1086 436 dormientes
1117 410 1298 447 egemus:
1343 410 1365 435 a
1395 409 1473 446 quo

151 478 270 516 quum
290 477 410 503 sonus
431 471 486 502 est
506 470 696 513 acceptus,
713 465 827 501 etiam
841 476 863 501 a
879 476 1019 502 somno
1041 465 1262 503 excitamur.
1306 463 1472 500 Flexuo-

151 543 236 569 sum
257 530 325 567 iter
343 530 468 575 habet,
484 542 532 566 ne
555 529 646 579 quid
666 529 802 566 intrare
823 530 955 578 possit,
978 530 1083 578 quod
1104 537 1246 581 posset,
1262 530 1292 566 si
1314 529 1474 578 simplex

152 601 189 634 et
218 596 404 633 directum
434 601 600 644 pateret余
631 594 826 643 provisum
847 595 971 639 etiam,
994 601 1045 639 ut,
1069 595 1099 631 si
1124 607 1200 643 qua
1224 595 1383 630 minima
1408 595 1474 631 be-

69 675 130 707 335
152 663 262 701 stiola
292 669 494 700 conaretur
521 661 740 710 irrumpere,
762 661 801 697 in
826 660 1002 698 sordibus
1031 660 1180 697 aurium
1209 666 1407 709 tamquam
1435 660 1475 695 in

150 729 255 766 visco
276 727 564 765 inhaeresceret.
619 726 737 763 Extra
757 732 884 763 autem
905 727 1085 771 eminent,
1108 738 1206 775 quae
1235 726 1475 776 appellantur

150 805 272 839 aures,
294 799 330 830 et
359 791 513 842 tegendi
542 803 658 829 causa
686 791 808 828 factae
838 791 1062 841 tutandique
1093 803 1240 836 sensus,
1263 799 1299 828 et
1329 804 1377 828 ne
1408 791 1474 828 ad-

150 860 270 897 iectae
291 870 405 896 voces
435 857 650 894 laberentur
680 863 794 906 atque
821 863 1000 902 errarent,
1022 857 1247 905 priusquam
1269 869 1405 894 sensus
1425 858 1474 894 ab

152 924 209 962 his
237 923 370 973 pulsus
400 929 511 961 esset.
570 921 646 959 Sed
675 921 791 959 duros
821 928 858 958 et
887 921 994 970 quasi
1025 921 1229 959 corneolos
1250 921 1391 959 habent
1418 923 1474 959 in-

69 1003 133 1034 340
151 989 285 1027 troitus
309 987 514 1036 multisque
541 1000 629 1025 cum
650 987 835 1033 flexibus余
866 987 971 1035 quod
992 986 1049 1024 his
1069 987 1212 1024 naturis
1233 988 1372 1025 relatus
1392 1000 1472 1024 am-

150 1053 336 1104 plificatur
356 1065 485 1091 sonus.
544 1051 736 1098 Quocirca
760 1058 796 1089 et
825 1052 864 1088 in
888 1052 1025 1089 fidibus
1056 1052 1244 1090 testudine
1274 1060 1473 1090 resonatur

150 1125 213 1156 aut
247 1130 366 1156 cornu
395 1124 431 1155 et
460 1130 508 1155 ex
539 1117 721 1155 tortuosis
760 1117 853 1155 locis
884 1123 920 1154 et
954 1117 1110 1154 inclusis
1145 1118 1230 1155 soni
1259 1118 1473 1156 referuntur

149 1183 364 1233 ampliores.
424 1182 599 1220 Similiter
618 1194 741 1227 nares,
763 1194 860 1231 quae
882 1193 1034 1231 semper
1053 1189 1210 1231 propter
1237 1185 1472 1222 necessarias

149 1249 327 1295 utilitates
359 1253 502 1297 patent,
533 1248 805 1285 contractiores
836 1247 979 1285 habent
1012 1247 1197 1294 introitus,
1230 1261 1279 1286 ne
1312 1249 1404 1298 quid
1433 1250 1472 1287 in

68 1326 131 1359 345
152 1325 228 1358 eas,
263 1313 370 1363 quod
407 1319 556 1359 noceat,
588 1313 710 1362 possit
748 1313 965 1363 pervadere,
1000 1313 1280 1363 humoremque
1319 1327 1473 1364 semper

151 1377 305 1424 habent,
325 1378 375 1415 ad
401 1378 595 1427 pulverem
621 1379 814 1427 multaque
845 1378 916 1415 alia
941 1378 1167 1427 depellenda
1187 1391 1267 1416 non
1287 1380 1471 1418 inutilem.

152 1442 336 1481 Gustatus
369 1443 561 1491 praeclare
600 1449 730 1492 septus
762 1449 830 1488 est,
862 1455 929 1480 ore
958 1443 1062 1480 enim
1096 1444 1322 1490 continetur,
1358 1452 1394 1482 et
1423 1446 1472 1483 ad

150 1520 263 1546 usum
283 1514 370 1558 apte
391 1514 428 1545 et
447 1507 496 1545 ad
521 1508 793 1545 incolumitatis
818 1508 1042 1546 custodiam.
1101 1508 1315 1558 Omnisque
1337 1522 1472 1548 sensus

151 1573 351 1610 hominum
369 1573 490 1610 multo
511 1573 700 1611 antecellit
719 1574 893 1611 sensibus
913 1575 1132 1611 bestiarum.

70 1648 134 1680 350
205 1641 269 1676 14.
298 1638 468 1676 Primum
488 1640 591 1676 enim
611 1639 711 1676 oculi
731 1639 770 1676 in
791 1639 836 1677 iis
855 1640 1009 1685 artibus,
1027 1652 1188 1689 quarum
1209 1640 1391 1680 iudicium
1413 1651 1470 1680 est

150 1703 361 1750 oculorum,
389 1704 429 1741 in
462 1704 584 1758 pictis,
617 1704 723 1750 fictis,
756 1705 984 1754 caelatisque
1016 1704 1158 1751 formis,
1194 1706 1233 1743 in
1263 1719 1470 1756 corporum

150 1769 266 1806 etiarn
286 1770 456 1806 motione
477 1776 591 1819 atque
612 1776 724 1818 gestu
743 1771 862 1807 multa
882 1760 1042 1807 cernunt
1063 1772 1236 1809 subtilius
1251 1785 1262 1819 3
1294 1773 1468 1811 colorum

150 1835 263 1872 etiam
283 1840 320 1872 et
339 1835 546 1883 figurarum
567 1841 648 1872 tum
668 1841 907 1873 venustatem
937 1843 1051 1885 atque
1082 1837 1258 1874 ordinem
1278 1844 1326 1884 et,
1347 1845 1388 1876 ut
1416 1839 1468 1877 ita

151 1900 288 1945 dicam,
320 1899 533 1937 decentiam
564 1900 665 1937 oculi
694 1901 883 1938 iudicant:
918 1907 1030 1950 atque
1060 1902 1175 1939 etiam
1209 1903 1281 1940 alia
1310 1905 1466 1943 maiora.

69 1979 131 2012 355
153 1965 256 2003 Nam
276 1971 314 2002 et
332 1965 485 2002 virtutes
511 1971 548 2003 et
576 1966 664 2002 vitia
692 1973 956 2015 cognoscunt:
986 1967 1122 2004 iratum
1151 1969 1372 2017 propitium,
1392 1971 1469 2008 lae-

151 2036 296 2068 tantem
338 2029 544 2070 dolentem,
585 2030 720 2068 fortem
760 2032 953 2079 ignavum,
992 2033 1177 2070 audacem
1215 2035 1468 2086 timidumque

150 2100 406 2143 cognoscunt.
444 2095 682 2145 Auriumque
703 2097 793 2133 item
819 2103 875 2133 est
895 2097 1115 2135 admirabile
1137 2099 1332 2148 quoddam
1355 2103 1468 2139 artifi-

149 2160 373 2208 ciosumque
394 2160 585 2206 iudicium,
607 2173 684 2210 quo
706 2161 891 2198 iudicatur
911 2167 948 2198 et
968 2162 1006 2198 in
1026 2163 1141 2209 vocis,
1163 2170 1200 2201 et
1231 2164 1270 2201 in
1291 2165 1467 2204 tibiarum

150 2235 430 2273 nervorumque
451 2225 623 2263 cantibus
644 2226 803 2263 varietas
825 2238 1020 2272 sonorum,
1042 2228 1245 2275 intervalla,
1264 2230 1467 2276 distinctio,

69 2291 132 2332 360
151 2296 189 2328 et
213 2290 318 2328 vocis
342 2301 483 2339 genera
505 2291 716 2338 permulta:
747 2292 952 2329 candidum
983 2292 1143 2340 fuscum,
1164 2295 1245 2333 leve
1276 2309 1465 2346 asperum,

149 2366 264 2404 grave
284 2361 449 2401 acutum,
463 2355 626 2392 flexibile
647 2356 782 2393 durum
794 2369 804 2403 余
835 2368 931 2407 quae
948 2357 1149 2396 hominum
1169 2360 1294 2398 solum
1315 2363 1467 2401 auribus
