1587 2533
115 86 165 140 78
459 97 703 129 EXTRAOTS
733 98 868 129 FROM
896 98 1074 130 CICERO.

111 207 235 237 essent
259 201 388 250 lingua
416 210 645 252 nuncupata,
674 215 770 252 quae
800 204 864 252 qui
892 204 1068 240 infitiatus
1100 208 1207 248 esset,
1236 202 1426 250 duplicem

111 281 282 319 poenam
330 268 481 313 subiret,
521 280 543 304 a
580 267 845 304 iureconsultis
883 267 997 304 etiam
1039 268 1254 305 reticentiae
1301 280 1428 316 poena
1446 286 1463 317 5

113 342 170 372 est
208 334 424 372 constituta.
483 331 684 380 Quidquid
721 332 823 369 enirn
861 340 959 370 esset
997 332 1036 369 in
1074 333 1230 381 praedio
1268 333 1356 378 vitii,
1390 331 1429 368 id

115 404 336 444 statuerunt,
366 398 397 436 si
425 397 600 434 venditor
633 397 755 442 sciret,
785 397 856 434 nisi
889 397 1115 434 nominatim
1145 397 1288 434 dictum
1317 404 1428 442 esset,

112 465 296 515 praestari
330 470 518 513 oportere.
580 461 633 500 Ut
672 475 789 511 quum
827 463 867 499 in
904 475 989 500 arce
1028 463 1229 511 augurium
1267 474 1430 511 augures

114 531 233 569 acturi
263 537 402 574 essent,
434 529 706 577 iussissentque
736 527 784 565 T.
816 527 1017 565 Claudiurn
1047 528 1328 574 Centumalum,
1366 528 1430 576 qui

115 597 229 634 aedes
264 595 303 632 in
338 594 469 632 Caelio
503 600 634 630 monte
668 593 845 638 habebat,
880 593 1051 631 demoliri
1085 607 1130 631 ea
1158 606 1321 643 quorum
1350 593 1429 630 alti·
1452 609 1490 631 10

74 682 79 692 ·
113 662 206 699 tudo
238 661 405 698 officeret
435 659 624 707 auspiciis,
655 657 838 695 Claudius
874 659 1099 707 proscripsit
1132 659 1306 700 insulam,
1341 671 1430 695 ven-

115 726 230 772 didit;
274 725 365 762 emit
399 725 439 761 P.
475 723 705 772 Calpurnius
739 722 936 760 Lanarius.
1006 723 1108 760 Huic
1143 725 1191 761 ab
1226 723 1432 773 auguribus

115 791 206 828 illud
249 790 350 827 idern
399 789 665 826 denuntiatum
712 794 780 825 est.
856 788 991 838 Itaque
1039 788 1266 837 Calpurnius
1314 801 1433 838 quum

115 856 319 894 demolitus
353 861 463 899 esset,
494 860 778 903 cognossetque
808 852 1011 891 Claudium
1039 854 1153 891 aedes
1181 861 1316 903 postea
1344 866 1433 903 pro-

117 921 313 971 scripsisse
355 932 471 970 quam
511 926 610 956 esset
644 920 692 956 ab
725 919 931 967 auguribus
966 919 1137 956 demoliri
1171 920 1305 964 iussus,
1336 919 1433 956 arbi·
1455 933 1491 965 15

118 994 219 1024 trum
257 986 362 1022 illum
401 985 539 1033 adegit,
584 984 790 1033 ‘quidquid
830 984 901 1021 sibi
941 984 1040 1030 dare,
1079 984 1203 1021 facere
1242 991 1435 1033 oporteret

120 1065 167 1089 ex
207 1051 282 1088 fide
321 1048 447 1087 bona!
519 1049 574 1086 M
597 1049 712 1107 Cato
754 1049 981 1107 sententiam
1023 1050 1125 1095 dixit,
1167 1049 1277 1087 huius
1317 1050 1435 1087 nostri

120 1117 279 1155 Catonis
319 1123 435 1164 pater,
472 1114 528 1165 (ut
566 1102 668 1151 enim
702 1103 824 1152 ceteri
849 1105 896 1151 ex
930 1115 1112 1163 patllbus
1148 1115 1212 1160 sic,
1247 1116 1310 1164 qui
1345 1115 1436 1153 illud

120 1182 250 1219 lumen
286 1180 501 1230 progenuit,
532 1192 579 1216 ex
609 1179 686 1216 filio
720 1186 776 1216 est
804 1178 1092 1229 nominandus‚)
1122 1180 1153 1217 is
1182 1181 1294 1229 igitur
1322 1181 1436 1218 iudex

121 1248 172 1284 ita
208 1245 477 1296 pronuntiavit,
519 1248 659 1292 ‘quum
693 1244 734 1280 in
767 1244 1039 1281 venumdando
1072 1257 1153 1281 rem
1187 1257 1273 1283 earn
1306 1246 1438 1282 scisset
1458 1263 1497 1285 20

123 1320 160 1350 et
189 1323 269 1348 non
297 1310 580 1360 pronuntiasset
609 1310 783 1358 emptori,
815 1309 999 1346 damnum
1028 1311 1211 1359 praestari
1239 1310 1438 1360 oportere!

124 1377 231 1426 Ergo
261 1376 310 1413 ad
339 1375 455 1412 fidem
483 1375 626 1411 bonam
656 1375 784 1411 statuit
807 1375 994 1423 pertinere
1019 1382 1152 1412 notum
1173 1388 1256 1413 esse
1277 1376 1439 1425 emptori

125 1443 256 1480 vitium
296 1440 402 1490 quod
441 1446 572 1477 nosset
601 1439 783 1477 venditor.
856 1438 932 1477 Sed
969 1440 1186 1478 huiusmodi
1224 1442 1440 1478 reticentiae

126 1506 205 1542 iure
240 1503 336 1541 civili
370 1514 505 1540 omnes
539 1501 813 1551 comprehendi
847 1514 926 1539 non
959 1511 1141 1551 possunt:
1184 1515 1282 1552 quae
1314 1510 1441 1540 autem

126 1576 290 1619 possunt
325 1568 523 1616 diligenter
556 1573 743 1603 tenentur.
801 1566 856 1603 M.
887 1566 1032 1604 Marius
1067 1567 1323 1614 Gratidianus,
1351 1581 1440 1617 pro·
1459 1584 1498 1615 25

129 1635 296 1684 pinquus
339 1639 479 1678 noster,
520 1631 564 1670 C.
606 1631 739 1680 Sergio
781 1630 923 1669 Oratae
952 1632 1174 1670 vendiderat
1212 1634 1326 1671 aedes
1365 1646 1440 1679 eas,

130 1711 225 1749 quas
255 1699 303 1736 ab
333 1698 473 1734 eodem
502 1697 583 1745 ipse
613 1697 744 1746 paucis
774 1704 861 1733 ante
890 1697 999 1734 annis
1032 1705 1187 1735 emerat.
1257 1698 1337 1735 Eae
1367 1711 1443 1736 ser-

129 1765 303 1801 viebant:
344 1763 410 1800 sed
443 1762 517 1799 hoc
551 1762 590 1798 in
623 1762 816 1811 mancipio
851 1761 995 1799 Marius
1029 1774 1108 1799 non
1141 1763 1293 1800 dixerat.
1362 1763 1445 1801 Ad-

131 1830 245 1867 ducta
278 1840 337 1865 res
371 1828 410 1864 in
443 1827 624 1864 iudicium
659 1833 725 1864 est.
783 1826 941 1864 Oratam
975 1826 1146 1873 Crassus,
1178 1828 1444 1866 Gratidianum

133 1893 364 1931 defendebat
406 1892 608 1930 Antonius.
679 1891 744 1929 Ius
788 1891 948 1930 Crassus
990 1894 1160 1942 urgebat,
1203 1895 1331 1942 ‘quod
1368 1895 1444 1931 vitii
1460 1907 1502 1938 30

131 1959 306 1996 venditor
335 1970 416 1995 non
445 1958 602 1995 dixisset
632 1958 767 2003 sciens,
798 1957 836 1995 id
865 1965 1040 2007 oportere
1068 1959 1288 2007 praestari;’
1318 1960 1445 2010 aequi-

137 2030 253 2061 tatem
291 2024 495 2068 Antonius,
535 2023 743 2071 ‘quoniam
776 2023 815 2060 id
843 2023 973 2059 vitium
1002 2024 1175 2072 ignotum
1206 2024 1339 2074 Sergio
1367 2038 1448 2062 non

136 2090 277 2135 fuisset,
299 2089 362 2138 qui
391 2089 472 2126 illas
502 2088 616 2125 aedes
644 2088 885 2133 vendidisset,
912 2089 1005 2125 nihil
1033 2089 1148 2126 fuisse
1176 2102 1333 2128 necesse
1363 2091 1447 2136 dici,

133 2167 205 2191 nec
246 2166 334 2191 eum
376 2165 461 2191 esse
504 2153 718 2201 deceptum,
752 2153 817 2202 qui
855 2152 893 2189 id
932 2154 1035 2202 quod
1073 2162 1217 2192 emerat
1254 2167 1331 2204 quo
1369 2156 1447 2192 iure

136 2225 236 2257 esset
279 2216 444 2256 teneret.’
515 2217 689 2263 Quorsus
731 2216 852 2254 haec?
919 2217 972 2255 Ut
1013 2218 1105 2256 illud
1143 2219 1329 2268 intelligas
1367 2232 1448 2258 non
1465 2238 1504 2269 35

133 2284 320 2335 placuisse
350 2283 557 2321 maioribus
586 2283 724 2320 nostris
754 2289 907 2320 astutos.
