1587 2533
549 128 706 158 GREEK
735 127 1017 160 ANECDOTES.
1416 130 1435 172 7

119 218 402 258 Themistocles
422 228 479 259 est
497 229 630 259 auctor
650 222 890 260 adhibendus
905 236 915 269 ,·
944 223 1007 272 qui
1028 235 1148 272 quum
1168 223 1437 269 consuleretur,

118 291 245 322 utrum
283 286 388 323 bono
420 286 499 324 viro
537 287 707 336 pauperi,
743 300 793 325 an
827 288 953 325 minus
988 289 1153 337 probato
1186 289 1287 325 diviti
1322 289 1439 326 filiam

80 368 96 398 ξ,
118 349 333 395 collocaret,
374 350 485 400 ‘Ego
523 352 636 397 vero,’
678 353 812 402 inquit,
853 353 982 391 ‘malo
1019 354 1141 391 virum
1180 354 1245 404 qui
1276 355 1439 403 pecunia

118 421 240 464 egeat,
262 428 378 465 quam
398 417 602 466 pecuniam
624 430 723 467 quae
742 418 845 456 viro.'

630 567 696 606 1οΪ
734 569 932 607 Ambilion.

171 683 302 721 Noctu
322 683 544 721 ambulabat
564 683 603 720 in
623 683 778 732 publico
801 683 1094 731 Themistocles,
1123 686 1230 735 quod
1257 698 1437 724 somnum

116 761 253 798 capere
283 761 362 786 non
396 755 539 798 posset,
571 739 918 800 quaerentibusque
949 751 1220 801 respondebat,
1255 751 1437 790 Miltiadis

115 815 282 863 tropaeis
302 826 343 852 se
364 826 384 851 e
405 825 544 851 somno
566 814 748 852 suscitari.

627 959 683 993 11.
721 954 755 992 A
789 954 830 991 R
832 959 931 993 elorl.

168 1084 453 1123 Themistocles
496 1083 613 1121 fertur
639 1083 815 1132 Seriphio
851 1083 1004 1121 cuidam
1042 1084 1082 1122 in
1121 1084 1243 1134 iurgio
1274 1100 1435 1138 respon-

115 1151 227 1196 disse,
255 1162 374 1200 quum
407 1150 467 1188 ille
501 1150 669 1197 dixisset,
703 1162 792 1188 eum
823 1162 904 1187 non
936 1162 1005 1188 sua
1039 1150 1107 1188 sed
1138 1152 1282 1199 patriae
1316 1155 1437 1203 gloria

115 1216 362 1267 splendorem
410 1223 641 1262 assecutum,
693 1215 815 1262 ‘Nec,
868 1216 1032 1262 hercule,
1068 1217 1098 1255 si
1129 1230 1203 1266 ego
1235 1218 1434 1270 Seriphius

115 1295 254 1328 essem,
275 1282 426 1329 nobilis,
447 1294 520 1320 nec
549 1288 601 1327 tu,
633 1282 663 1320 si
694 1281 942 1320 Atheniensis
977 1295 1091 1330 esses,
1119 1284 1241 1324 clarus
1261 1298 1434 1338 unquam

75 1355 92 1386 5
113 1346 272 1387 fuisses?

586 1491 648 1525 12.
692 1486 821 1536 Gyges'
841 1486 959 1537 Rz‘ng.

169 1604 268 1643 Satis
297 1604 422 1650 nobis,
455 1603 486 1642 si
519 1603 639 1641 modo
671 1603 711 1641 in
738 1603 985 1653 philosophia
1012 1604 1156 1656 aliquid
1186 1608 1434 1659 profecimus,

115 1682 341 1722 persuasum
379 1682 463 1708 esse
503 1669 628 1715 debet,
665 1670 695 1707 si
728 1680 865 1707 omnes
897 1670 991 1708 deos
1023 1671 1279 1723 hominesque
1314 1677 1437 1715 celare

114 1737 320 1788 possimus,
341 1736 431 1773 nihil
461 1743 590 1773 tamen
624 1748 745 1782 avare,
782 1735 874 1773 nihil
909 1736 1061 1784 iniuste,
1096 1739 1187 1776 nihil
1221 1740 1435 1791 libidinose,

114 1804 206 1842 nihil
230 1802 512 1840 incontinenter
541 1813 625 1839 esse
653 1801 883 1840 faciendum.
923 1802 1046 1855 ‚Hinc
1081 1804 1140 1842 ille
1170 1804 1303 1855 Gyges
1327 1808 1436 1847 indu—

78 1889 94 1919 5
114 1872 209 1910 citur
229 1883 252 1907 a
270 1869 454 1906 Platone:
480 1861 560 1917 ‘qui‚
582 1880 701 1917 quum
721 1875 821 1906 terra
842 1869 1078 1908 discessisset
1101 1873 1252 1921 magnis
1280 1875 1435 1924 quibus-

115 1938 203 1976 dam
224 1935 420 1980 imbribus,
438 1934 635 1972 descendit
655 1935 694 1971 in
714 1934 818 1971 illurn
839 1935 996 1982 hiatum,
1019 1949 1260 1988 aeneumque
1280 1953 1433 1990 equum,

113 2010 155 2041 ut
196 2002 321 2040 ferunt
363 2000 525 2046 fabulae,
567 2001 842 2043 animadvertit,
891 2003 997 2040 cuius
1038 2004 1077 2040 in
1115 2004 1293 2044 lateribus
1333 2007 1435 2047 fores

113 2075 266 2109 essent:
295 2067 434 2118 quibus
455 2066 606 2116 apertis,
635 2066 803 2105 hominis
830 2069 971 2106 mortui
1001 2069 1091 2107 vidit
1121 2083 1261 2121 corpus
1285 2076 1435 2125 magni-

112 2137 244 2191 tudine
263 2133 451 2177 inusitata,
469 2133 704 2182 anulumque
733 2145 890 2171 aureum
920 2134 959 2172 in
985 2136 1126 2184 digito:
1157 2150 1273 2187 quern
1300 2147 1341 2178 ut
1369 2141 1432 2180 de-

61 2218 96 2241 10
110 2203 235 2249 traxit,
265 2201 347 2250 ipse
376 2200 507 2245 induit,
541 2202 635 2246 (erat
665 2206 793 2237 autem
817 2201 942 2250 regius
972 2206 1132 2251 pastor),
1162 2210 1244 2242 tum
1274 2206 1312 2243 in
1342 2220 1433 2246 con-

113 2269 242 2308 cilium
271 2279 312 2306 se
341 2272 539 2316 pastorum
569 2267 722 2314 recepit.
781 2265 838 2303 Ibi
868 2279 987 2315 quum
1014 2268 1141 2318 palam
1162 2270 1242 2309 eius
1264 2273 1365 2310 anuli
1385 2275 1433 2312 ad

113 2335 283 2385 palmam
313 2338 561 2374 converterat,
591 2344 612 2369 a
641 2331 745 2369 nullo
775 2332 983 2379 videbatur,
1023 2334 1103 2383 ipse
1137 2342 1265 2373 autem
1304 2340 1433 2379 omnia

99 2471 139 2491 N„
