1587 2533
141 92 180 124 11.
203 100 234 124 ι.
371 82 552 123 ROME’S
581 91 705 122 RULE
736 91 794 121 oF
822 91 918 122 HER
950 91 1229 122 PROVINCES.
1386 93 1467 138 225

82 206 121 237 55
141 190 250 239 quasi
271 190 460 241 quaedam
481 191 637 240 praedia
662 190 794 240 populi
815 190 985 229 Romani
1012 197 1101 229 sunt
1120 191 1318 240 vectigalia
1336 199 1470 230 nostra

141 263 254 306 atque
274 257 504 305 provinciae,
522 256 852 306 quemadmodum
872 257 1100 306 propinquis
1121 269 1189 294 vos
1208 257 1341 294 vestris
1357 269 1468 306 prae-

140 321 212 359 diis
240 323 407 359 maxime
437 321 688 367 delectamini,
711 321 765 359 sic
795 321 940 371 populo
972 321 1153 360 Romano
1183 322 1351 359 iucunda
1378 323 1468 360 sub-

139 386 334 424 urbanitas
355 393 411 424 est
431 386 589 424 huiusce
616 386 847 436 provinciae.
905 386 989 424 Iam
1015 399 1106 424 vero
1133 387 1334 425 hominum
1363 388 1469 436 ipso-

140 463 236 498 rum,
257 452 414 498 iudices,
435 464 482 490 ea
503 452 684 505 patientia
704 453 822 489 virtus
843 452 1115 503 frugalitasque
1136 460 1204 499 est,
1225 459 1266 490 ut
1291 453 1467 502 proxime

80 524 121 555 60
139 516 189 554 ad
224 523 396 554 nostram
430 517 669 566 disciplinam
699 517 800 554 illam
829 524 1008 564 veterem,
1037 530 1120 555 non
1153 519 1203 556 ad
1236 518 1337 556 hanc
1368 531 1468 567 quae

140 594 243 620 nunc
272 582 488 628 increbruit,
510 582 708 619 videantur
732 583 926 620 accedere.
984 583 1090 620 Nihil
1110 590 1325 621 ceterorum
1345 584 1468 622 simile

140 647 402 686 Graecorum:
432 648 534 685 nulla
553 647 710 690 desidia,
731 648 835 687 nulla
861 649 1030 696 luxuria;
1061 656 1195 687 contra
1215 662 1389 687 summus
1413 649 1467 688 la-

140 714 210 750 bor
228 714 268 750 in
289 714 450 762 publicis
471 714 706 764 privatisque
727 714 852 760 rebus,
870 726 1022 752 summa
1047 715 1292 763 parsimonia,
1315 727 1467 752 summa

139 779 343 828 diligentia.
401 779 464 817 Sic
493 791 607 829 porro
637 786 793 817 nostros
822 779 999 817 homines
1027 780 1200 830 diligunt,
1222 787 1262 817 ut
1288 781 1346 818 his
1374 781 1466 818 solis

80 847 117 887 65
139 857 264 894 neque
285 844 522 894 publicanus,
544 857 670 894 neque
697 845 913 894 negotiator
933 845 1025 882 odio
1053 845 1111 882 sit.
1170 845 1467 894 Magistratuum

139 918 266 948 autem
281 917 500 948 nostrorum
519 911 675 948 iniurias
695 910 746 948 ita
766 911 975 948 multorum
995 911 1173 952 tulerunt,
1188 917 1229 947 ut
1253 923 1465 959 numquam

139 983 225 1013 ante
245 976 320 1013 hoc
340 983 492 1026 tempus
512 976 561 1014 ad
580 988 686 1014 aram
706 976 837 1025 legum
857 976 1167 1026 praesidiumque
1184 982 1351 1014 vestrum
1368 977 1465 1025 pub-

138 1041 212 1078 lico
233 1042 395 1080 consilio
411 1042 677 1091 confugerint:
703 1042 854 1080 tametsi
875 1047 913 1079 et
934 1041 1039 1078 illum
1056 1053 1201 1078 annum
1221 1041 1464 1090 pertulerant,

139 1107 202 1156 qui
223 1107 277 1145 sic
297 1119 366 1145 eos
393 1108 585 1154 afflixerat,
605 1114 648 1145 ut
673 1107 763 1145 salvi
790 1119 874 1144 esse
901 1118 983 1144 non
1010 1114 1179 1156 possent,
1201 1106 1273 1144 nisi
1294 1106 1338 1144 C.
1360 1106 1464 1144 Mar-

80 1184 119 1218 70
138 1171 254 1209 cellus
287 1173 397 1222 quasi
431 1173 560 1223 aliquo
590 1172 667 1210 fato
701 1173 878 1218 venisset,
908 1179 949 1209 ut
983 1172 1042 1209 bis
1075 1184 1123 1210 ex
1157 1171 1294 1209 eadem
1323 1171 1466 1210 familia.

138 1237 239 1276 salus
267 1237 415 1276 Siciliae
442 1239 745 1284 constitueretur,
773 1244 811 1276 et
842 1243 979 1287 postea
1005 1237 1060 1274 M.
1084 1237 1244 1274 Antonii
1273 1237 1464 1275 infinitum

137 1303 229 1341 illud
246 1304 450 1353 imperium
476 1309 685 1342 senserant.
742 1303 804 1341 Sic
832 1315 855 1340 a
880 1303 1091 1340 maioribus
1117 1303 1196 1340 suis
1222 1310 1463 1352 acceperant,

137 1374 241 1406 tanta
260 1369 394 1419 populi
414 1368 585 1407 Romani
606 1370 644 1406 in
665 1368 814 1406 Siculos
835 1380 920 1406 esse
946 1364 1144 1414 b'eneficia,
1165 1375 1206 1405 ut
1225 1369 1341 1405 etiam
1367 1369 1465 1406 iniu-

135 1434 208 1472 rias
233 1441 454 1472 nostrorum
478 1434 680 1471 hominum
706 1434 953 1484 perferendas
974 1441 1163 1483 putarent.
1221 1434 1338 1472 Hune
1359 1434 1463 1472 deni-

78 1511 114 1545 75
136 1511 211 1549 que
237 1500 365 1549 ipsum
392 1495 647 1549 pertulissent,
669 1499 701 1537 si
726 1498 898 1537 humano
925 1500 1058 1546 modo,
1079 1500 1110 1537 si
1130 1500 1269 1537 usitato
1290 1511 1410 1546 more,
1431 1500 1463 1538 si

136 1565 300 1615 denique
328 1577 409 1603 uno
442 1565 571 1615 aliquo
605 1565 645 1602 in
673 1577 815 1615 genere
844 1572 1053 1614 peccasset.
1111 1565 1198 1607 Sed,
1228 1577 1348 1614 quum
1377 1578 1464 1615 pe-r-

134 1630 231 1668 ferre
259 1642 339 1668 non
368 1637 529 1680 possent
557 1631 758 1676 luxuriem,
789 1630 1064 1676 crudelitatem,
1094 1631 1299 1676 avaritiam,
1330 1630 1464 1680 super*-

134 1695 260 1742 biam3
300 1708 420 1746 quum
449 1696 581 1734 omnia
615 1708 684 1734 sua.
712 1697 933 1742 commoda,
960 1696 1055 1745 jura,
1086 1695 1273 1733 beneficia
1305 1702 1460 1734 senatus

134 1761 343 1811 populique
381 1760 562 1807 Romani,
593 1762 706 1800 unius
740 1761 882 1800 scelere
922 1750 1160 1799 ac’libidine
1193 1760 1459 1810 perdidissent,

73 1835 114 1866 80
134 1827 208 1864 hoc
229 1833 450 1874 statuerunt,
471 1832 535 1864 aut
554 1827 662 1864 istius
682 1827 837 1864 iniurias
865 1839 932 1876 per
958 1838 1028 1864 vos
1053 1826 1184 1864 ulcisci
1205 1838 1249 1863 ac
1270 1827 1458 1876 persequi,

133 1898 207 1937 aut,
238 1892 269 1929 si
298 1893 406 1930 vobis
439 1892 586 1942 indigni
615 1898 745 1930 essent
773 1892 852 1938 visi,
882 1892 1021 1941 quibus
1051 1903 1169 1941 opem
1199 1891 1458 1940 auxiliumque

132 1957 289 2003 ferretis,
309 1959 422 1996 urbes
443 1970 488 1997 ac
508 1959 619 1996 sedes
646 1970 734 1996 suas
761 1958 985 2007 relinquere,
1006 1956 1323 2007 quandoquidem
1343 1969 1457 2007 agros

130 2022 207 2061 iarn
228 2029 316 2062 ante
334 2023 441 2062 istius
459 2023 603 2062 iniuriis
625 2023 809 2073 exagitati
826 2023 1078 2072 reliquissent.

534 2183 574 2218 2.
607 2178 646 2216 T
639 2179 683 2216 lze
704 2178 799 2218 Case
818 2177 866 2227 <ff
876 2176 1042 2227 Sopater.

187 2288 220 2316 1.
251 2276 416 2328 Sopater
453 2278 610 2327 quidam
649 2277 718 2315 fuit
756 2276 1013 2326 Halicyensis,
1051 2276 1172 2314 homo
1215 2275 1320 2315 domi
1363 2288 1454 2314 suae

128 2354 219 2382 cum
251 2343 383 2393 primis
415 2343 588 2393 locuples
621 2350 736 2393 atque
769 2341 963 2380 honestus.
1020 2341 1060 2380 Is
1093 2343 1141 2380 ab
1176 2342 1337 2380 inimicis
1375 2341 1453 2380 suis
