1587 2533
131 93 214 133 266
476 101 720 132 EXTRACTS
748 101 884 132 FROM
912 102 1089 134 CICERO.
1309 105 1385 135 Sect.
1402 105 1442 136 v.

128 206 295 255 elegans,
314 213 392 244 tam
416 207 664 251 elaboratum,
689 206 892 255 quisquam
916 219 995 244 non
1021 206 1139 244 modo
1170 208 1347 255 privatus,
1375 209 1443 246 sed

129 272 296 320 populus
325 271 453 320 potius
481 271 647 316 haberet,
679 283 794 319 quarn
832 271 950 308 homo
989 272 1292 320 elegantissimus
1331 280 1443 323 atque

130 336 405 373 eruditissimus
444 335 613 373 Verres?
661 336 841 372 nimirum
885 343 1017 373 contra
1059 336 1133 373 dici
1174 337 1266 373 nihil
1307 344 1442 386 potest.

130 400 316 437 Nostrum
346 401 448 437 enim
478 412 575 437 unus
609 401 782 449 quisque,
813 401 877 449 qui
906 407 985 438 tam
1014 401 1114 437 beati
1143 413 1259 449 quam
1287 402 1357 439 iste
1389 408 1444 439 est

130 477 210 502 non
249 477 389 510 sumus,
429 472 507 501 tam
547 465 694 502 delicati
733 477 816 502 esse
855 477 934 502 non
972 477 1190 513 possumus,
1225 466 1255 503 si
1289 467 1444 514 quando

131 529 272 578 aliquid
299 529 514 566 istiusmodi
533 529 660 566 videre
686 530 797 574 volet,
827 538 888 566 eat
915 530 962 566 ad
993 529 1128 566 aedem
1159 530 1372 576 Felicitatis,
1397 531 1446 568 ad

131 600 425 630 monumentum
455 593 590 638 Catuli,
621 594 661 630 in
690 595 880 643 porticum
910 593 1075 639 Metelli;
1116 594 1180 631 det
1206 607 1374 643 operam,
1405 602 1446 632 ut

132 658 351 694 admittatur
379 658 419 694 in
448 658 605 695 alicuius
635 658 795 695 istorum
825 659 1090 696 Tusculanum
1101 671 1110 704 3
1152 666 1297 707 spectet
1320 659 1445 696 forum

132 729 320 767 ornatum,
350 723 380 759 si
401 723 493 771 quid
521 723 589 759 iste
617 735 774 760 suorum
795 724 979 760 aedilibus
1000 724 1277 761 commodarit:
1307 723 1445 761 Verres

133 788 228 824 haec
248 787 387 824 habeat
408 788 540 825 domi?
596 787 739 826 Verres
760 789 993 826 ornamentis
1014 788 1190 825 fanorum
1211 796 1323 838 atque
1336 789 1444 837 oppi-

132 854 267 890 dorum
287 853 425 890 habeat
445 854 599 902 plenam
616 854 785 899 domum,
802 854 903 891 villas
924 854 1105 891 refertas?
1135 854 1313 891 Etiamne
1333 854 1445 891 huius

131 918 293 966 operarii
321 917 445 954 studia
473 930 517 955 ac
548 918 712 963 delicias,
743 919 897 961 iudices,
925 919 1149 967 perferetis?
1179 920 1244 968 qui
1264 921 1315 956 ita
1334 926 1445 956 natus

132 989 199 1027 est,
231 983 282 1019 ita
310 983 504 1027 educatus,
536 984 586 1019 ita
614 983 736 1020 factus
767 990 804 1020 et
833 984 962 1020 animo
991 990 1028 1020 et
1057 996 1228 1032 corpore,
1257 992 1299 1022 ut
1324 985 1445 1022 multo

132 1047 344 1097 appositior
370 1048 418 1084 ad
445 1047 612 1093 ferenda,
640 1060 756 1096 quam
785 1048 834 1084 ad
864 1047 1071 1085 auferenda
1100 1050 1208 1097 signa
1237 1061 1320 1086 esse
1344 1049 1446 1086 vide-

133 1120 224 1149 atur.
282 1112 408 1161 Atque
437 1112 531 1149 haec
561 1112 716 1160 Sappho
746 1112 895 1149 sublata
923 1119 1108 1160 quantum
1136 1113 1363 1151 desiderium
1390 1114 1447 1151 sui

131 1177 330 1225 reliquerit,
352 1177 425 1213 dici
444 1177 505 1213 vix
527 1183 662 1227 potest.
713 1176 815 1213 Nam
836 1189 953 1225 quum
974 1178 1058 1225 ipsa
1077 1177 1144 1214 fuit
1163 1179 1314 1227 egregie
1335 1178 1446 1226 facta,

131 1249 211 1278 tum
233 1242 470 1289 epigramma
497 1241 689 1279 Graecum
719 1243 917 1290 pernobile
945 1242 1107 1279 incisum
1131 1243 1262 1280 habuit
1286 1244 1325 1280 in
1350 1243 1445 1290 basi,

132 1306 238 1355 quod
267 1306 336 1343 iste
367 1307 534 1343 eruditus
563 1306 682 1343 homo
711 1314 747 1344 et
778 1306 999 1353 Graeculus,
1030 1308 1094 1356 qui
1132 1307 1225 1345 haec
1264 1308 1446 1345 subtiliter

132 1371 283 1416 iudicat,
305 1372 369 1420 qui
390 1372 494 1409 solus
514 1372 699 1420 intelligit,
722 1372 751 1409 si
772 1385 889 1409 unam
910 1373 1070 1410 litteram
1093 1372 1282 1410 Graecam
1302 1374 1444 1419 scisset,

133 1444 232 1473 certe
253 1448 333 1473 non
354 1437 573 1474 sustulisset.
631 1437 746 1474 Nunc
768 1438 870 1474 enim
891 1438 996 1486 quod
1015 1439 1237 1487 inscriptum
1264 1446 1318 1476 est
1343 1439 1447 1475 inani

132 1502 170 1537 in
190 1501 273 1538 basi
295 1501 460 1538 declarat
481 1501 572 1550 quid
592 1501 711 1545 fuerit,
733 1508 769 1538 et
789 1502 827 1538 id
843 1503 1011 1539 ablatum
1027 1503 1178 1540 indicat.

189 1575 221 1613 7.
254 1565 387 1612 Quid?
419 1567 571 1614 signum
600 1567 761 1604 Paeanis
790 1579 836 1604 ex
875 1568 969 1604 aede
1000 1568 1218 1616 Aesculapii
1256 1569 1447 1617 praeclare

135 1632 289 1675 factum,
319 1643 469 1668 sacrum
498 1644 542 1668 ac
572 1632 803 1680 religiosum,
833 1644 913 1669 non
943 1632 1147 1669 sustulisti?
1177 1634 1283 1681 quod
1311 1646 1448 1671 omnes

133 1703 288 1745 propter
308 1696 626 1745 pulchritudinem
647 1697 777 1741 visere,
805 1704 959 1745 propter
983 1698 1206 1745 religionem
1233 1699 1358 1736 colere
1385 1711 1447 1736 so-

133 1761 272 1797 lebant.
331 1759 463 1806 Quid?
493 1773 540 1797 ex
567 1760 661 1798 aede
682 1760 809 1798 Liberi
830 1762 1072 1798 simulacrum
1093 1763 1256 1799 Aristaei
1282 1775 1362 1800 non
1382 1769 1448 1801 tuo

134 1826 292 1874 imperio
320 1826 448 1874 palam
478 1826 645 1862 ablatum
672 1827 756 1862 est?
814 1826 946 1872 Quid?
976 1839 1023 1864 ex
1047 1827 1141 1864 aede
1169 1828 1270 1865 lovis
1297 1829 1447 1878 religio-

135 1892 326 1929 sissimum
349 1891 592 1928 simulacrum
620 1891 721 1928 Iovis
747 1891 1001 1940 Imperatoris,
1024 1905 1138 1941 quem
1160 1892 1298 1930 Graeci
1327 1898 1449 1938 Οίὲριον

135 1957 346 2001 nominant,
368 1956 621 2004 pulcherrime
642 1956 795 2001 sactum,
817 1969 946 1993 nonne
967 1958 1179 1995 abstulisti?
1237 1958 1370 2004 Quid?
1399 1971 1447 1996 ex

135 2021 230 2057 aede
254 2019 413 2057 Liberae
438 2033 596 2069 parvum
616 2021 707 2058 illud
734 2027 847 2069 caput
875 2022 1182 2070 pulcherrimum,
1204 2024 1308 2072 quod
1328 2024 1447 2061 visere

135 2086 365 2130 solebamus,
386 2098 478 2122 num
500 2087 678 2123 dubitasti
700 2087 855 2123 tollere?
884 2087 1011 2136 Atque
1031 2087 1090 2124 ille
1107 2087 1234 2125 Paean
1255 2089 1447 2126 sacrificiis

136 2151 398 2187 anniversariis
428 2151 538 2187 simul
569 2163 656 2187 cum
695 2151 926 2200 Aesculapio
966 2153 1068 2200 apud
1107 2153 1189 2190 illos
1229 2153 1444 2199 colebatur;

134 2216 343 2260 Aristaeus,
374 2215 449 2264 qui,
480 2222 520 2251 ut
551 2214 688 2252 Graeci
717 2215 851 2261 ferunt,
882 2216 1008 2253 Liberi
1039 2217 1147 2263 filius,
1174 2218 1348 2255 inventor
1373 2219 1448 2256 olei

135 2293 218 2318 esse
247 2280 390 2325 dicitur,
419 2292 497 2316 una
527 2292 613 2316 cum
643 2272 781 2318 Libero
810 2287 916 2329 patre
945 2282 1048 2329 apud
1077 2282 1160 2319 illos
1199 2283 1338 2320 eodem
1368 2289 1448 2320 erat

134 2346 173 2382 in
201 2345 344 2394 templo
375 2351 629 2382 consecratus.
689 2345 821 2382 Iovem
848 2354 974 2382 autem
1003 2346 1271 2395 imperatorem
1301 2354 1444 2396 quanto

1468 409 1526 442 145

1470 732 1528 764 150

1470 1384 1529 1415 160

1469 1702 1526 1742 165

1468 2041 1528 2075 170

1468 2358 1526 2392 175
