1587 2533
161 108 213 161 56
505 116 749 147 EXTRACTS
777 117 910 146 FRoM
941 117 1119 147 CICERO.

159 209 298 247 utilitas
343 210 457 247 valuit
503 215 659 259 propter
696 209 947 255 honestatem,
990 209 1070 246 sine
1114 221 1190 257 qua
1236 222 1283 246 ne
1330 210 1468 246 utilitas

160 275 314 324 quidem
351 286 434 312 esse
472 274 666 323 potuisset.
724 274 776 311 At
808 274 846 310 in
880 286 926 311 eo
964 286 1053 322 rege
1093 273 1157 323 qui
1194 273 1340 311 Urbem
1375 286 1468 311 con-

159 339 263 386 didit,
301 352 381 377 non
418 340 518 376 item.
577 339 731 388 Species
775 339 877 376 enim
913 339 1079 376 utilitatis
1118 339 1286 376 animum
1326 338 1471 389 pepulit
1492 350 1530 372 10

158 404 259 441 eius:
306 405 367 442 cui
414 416 532 454 quum
569 405 692 442 visum
740 411 840 442 esset
879 404 1016 450 utilius,
1055 403 1178 441 solum
1225 416 1341 453 quam
1380 416 1467 441 cum

158 470 274 507 altero
302 482 472 518 regnare,
510 469 663 507 fratrem
696 470 895 507 interemit.
953 469 1093 508 Omisit
1125 468 1187 506 hic
1220 475 1257 507 et
1289 469 1469 518 pietatem

158 542 195 573 et
231 535 516 582 humanitatem,
553 542 594 573 ut
640 535 679 572 id
725 536 833 585 quod
869 535 958 573 utile
996 535 1192 572 videbatur
1229 547 1354 584 neque
1391 541 1470 573 erat

157 601 307 650 assequi
337 607 488 649 posset;
532 606 569 637 et
600 607 729 638 tamen
763 601 860 638 muri
892 612 1046 639 causam
1079 600 1271 649 opposuit,
1301 600 1469 649 speciem

156 666 366 704 honestatis
399 677 524 715 neque
558 666 796 715 probabilem
827 678 898 703 nec
927 677 1020 704 sane
1048 666 1238 703 idoneam.
1295 665 1471 705 Peccavit

156 731 290 780 igitur;
319 743 414 781 pace
434 731 491 768 vel
512 729 662 777 Quirini
684 731 741 768 vel
762 731 920 768 Romuli
940 731 1110 769 dixerim.

488 862 527 896 3.
571 857 646 895 Τίτε
673 857 814 895 Heroes
842 857 891 907 <ff
914 857 988 896 Old
1010 848 1136 897 Rom'e.

209 962 256 1000 In
293 962 368 1000 vita
413 962 551 999 rustica
588 961 656 999 M’.
696 961 844 1007 Curius,
885 974 1005 1011 quum
1052 963 1098 1000 de
1138 962 1381 1009 Samnitibus,
1420 963 1468 1002 de

157 1027 318 1074 Sabinis,
358 1028 405 1065 de
453 1026 598 1076 Pyrrho
645 1027 924 1077 triumphasset,
971 1029 1209 1078 consumpsit
1255 1034 1468 1066 extremum

154 1099 305 1143 tempus
350 1092 508 1130 aetatis:
557 1092 664 1131 cuius
711 1092 867 1142 quidem
909 1104 983 1141 ego
1030 1093 1157 1130 villam
1204 1093 1467 1142 contemplans

156 1159 280 1205 (abest
308 1158 411 1196 enim
445 1170 525 1195 non
558 1157 675 1207 longe
706 1170 728 1195 a
755 1159 848 1204 me),
879 1158 1054 1195 admirari
1084 1159 1172 1196 satis
1200 1170 1279 1196 non
1307 1170 1467 1207 possum

153 1225 210 1261 vel
238 1223 405 1262 hominis
433 1223 552 1273 ipsius
581 1223 856 1261 continentiam
884 1223 942 1260 vel
972 1229 1188 1272 temporum
1218 1223 1466 1272 disciplinam.

152 1288 269 1327 Curio
308 1288 357 1326 ad
395 1288 525 1326 focum
559 1288 707 1326 sedenti
745 1299 929 1336 magnum
968 1288 1047 1325 auri
1084 1287 1237 1336 pondus
1277 1287 1466 1326 Samnites

151 1367 270 1405 quum
299 1354 519 1400 attulissent,
550 1354 737 1403 repudiati
767 1360 865 1391 sunt.
923 1352 1016 1391 Non
1044 1354 1147 1390 enim
1175 1365 1308 1390 aurum
1327 1352 1466 1392 habere

149 1420 386 1471 praeclarum
424 1419 493 1457 sibi
531 1418 647 1457 videri
686 1418 789 1465 dixit,
829 1417 897 1456 sed
930 1418 974 1456 iis
1008 1418 1073 1468 qui
1110 1418 1293 1456 haberent
1332 1430 1464 1456 aurum

149 1486 344 1535 imperare.
397 1483 601 1522 Poteratne
634 1490 761 1522 tantus
790 1484 940 1521 animus
968 1495 1049 1521 non
1083 1483 1230 1522 efficere
1258 1484 1464 1522 iucundam

149 1550 411 1589 senectutem?
452 1549 957 1605 5921„Y9‚13j,0„21.dffiflgssjgolssasz
976 1561 1025 1586 ne
1046 1561 1068 1586 a
1087 1561 1148 1586 me
1172 1549 1256 1598 ipso
1276 1549 1464 1587 recedam.

148 1617 196 1655 In
217 1617 317 1666 agris
337 1622 442 1653 erant
462 1622 544 1653 tum
570 1621 778 1660 senatores,
801 1614 840 1652 id
869 1621 925 1652 est
945 1627 1078 1652 senes:
1108 1615 1137 1651 si
1165 1614 1319 1664 quidem
1345 1615 1465 1653 aranti

148 1683 195 1721 L.
216 1681 401 1729 Quinctio
423 1680 653 1718 Cincinnato
684 1680 897 1717 nuntiatum
924 1686 991 1726 est,
1013 1692 1101 1717 eum
1135 1680 1360 1718 dictatorem
1380 1693 1464 1718 esse

149 1750 314 1787 factum:
344 1747 451 1785 cuius
472 1746 665 1784 dictatoris
685 1747 791 1784 iussu
817 1746 998 1795 magister
1025 1746 1194 1795 equitum
1221 1745 1265 1783 C.
1287 1746 1463 1785 Servilius

146 1814 271 1852 Ahala
300 1812 363 1862 Sp.
394 1811 578 1849 Maelium
611 1824 774 1861 regnum
803 1817 1050 1861 appetentem
1088 1818 1320 1861 occupatum
1348 1812 1462 1849 inter-

146 1880 250 1918 emit.
306 1878 343 1916 A
370 1877 455 1915 villa
483 1878 522 1915 in
552 1884 727 1916 senatum
756 1878 1044 1915 arcessebantur
1072 1884 1108 1915 et
1128 1876 1264 1915 Curius
1284 1883 1321 1915 et
1349 1879 1462 1916 ceteri

145 1957 282 1983 senes:
313 1956 360 1981 ex
390 1955 478 1994 quo,
499 1943 563 1993 qui
592 1955 660 1981 eos
688 1944 941 1989 arcessebant,
962 1943 1123 1981 viatores
1151 1943 1336 1980 nominati
1365 1950 1463 1983 sunt.

146 2009 252 2047 Num
289 2008 401 2058 igitur
438 2009 577 2046 horum
616 2015 792 2046 senectus
830 2007 1054 2046 miserabilis
1092 2008 1170 2051 fuit,
1206 2008 1270 2058 qui
1308 2020 1349 2046 se
1382 2009 1461 2058 agri

146 2075 313 2114 cultione
334 2074 604 2112 oblectabant?

526 2198 567 2233 4.
606 2194 751 2232 Excess
780 2196 827 2244 of
845 2194 1080 2243 Frz'endsth.

201 2299 244 2337 C.
265 2299 440 2337 Blossius
469 2298 679 2344 Cumanus,
710 2311 830 2349 quum
859 2300 908 2337 ad
937 2311 1009 2346 me,
1031 2293 1096 2348 qui
1125 2298 1281 2337 aderam
1302 2299 1460 2337 Laenati

147 2371 184 2403 et
203 2365 359 2415 Rupilio
380 2364 599 2403 consulibus
629 2363 666 2400 in
694 2363 866 2410 consilio,
887 2364 1134 2414 deprecatum
1154 2364 1328 2411 venisset,
1360 2363 1459 2402 hanc

1491 678 1528 710 15

1486 1237 1502 1268 5

1485 1567 1524 1588 10

1485 1895 1519 1926 15
