1587 2533
131 125 201 163 126
465 131 711 163 EXTRACTS
739 132 875 162 FROM
903 132 1082 162 CICERO.
1273 132 1349 162 Sect.
1375 130 1435 162 111.

124 229 279 268 historia
312 237 389 268 est:
421 231 451 268 is
472 238 597 269 autem
629 231 915 279 diligentissime
947 242 1007 267 res
1042 228 1272 267 Hannibalis
1306 241 1435 279 perse-

126 302 235 332 cutus
270 303 347 332 est:
389 295 660 340 Hannibalem,
695 307 814 344 quum
853 296 1015 343 cepisset
1055 294 1279 342 Saguntum,
1311 296 1435 331 visum

125 370 209 396 esse
243 360 283 396 in
317 361 463 397 somnis
493 372 516 397 a
548 360 640 397 Iove
671 360 710 397 in
744 360 903 396 deorum
937 359 1142 396 concilium
1172 359 1320 396 vocari:
1357 370 1436 408 quo

125 436 243 472 quum
269 426 444 470 venisset,
464 425 598 462 Iovem
627 426 834 474 imperasse
864 430 906 461 ut
938 424 1067 461 Italiae
1099 424 1240 460 bellum
1271 424 1436 469 inferret,

126 489 341 538 ducemque
372 491 406 527 ei
435 502 556 527 unum
585 503 606 527 e
637 490 799 527 concilio
834 489 988 533 datum;
1020 499 1097 536 quo
1131 488 1235 524 illum
1267 495 1437 525 utentem
1453 500 1493 531 45

126 566 213 590 cum
233 555 399 591 exercitu
427 555 605 604 progredi
635 555 830 603 coepisse3
860 561 941 590 tum
967 553 1001 590 ei
1030 553 1166 589 ducem
1195 552 1300 589 illum
1327 564 1438 601 prae-

127 619 273 666 cepisse
308 631 356 656 ne
390 620 616 668 respiceret3
656 619 761 656 illum
792 625 919 655 autem
953 618 992 655 id
1031 617 1168 654 diutius
1199 616 1324 654 facere
1357 629 1437 654 non

126 683 295 732 potuisse
317 684 532 733 elatumque
554 684 759 732 cupiditate
778 683 1010 731 respexisse;
1044 690 1125 719 tum
1140 682 1260 718 visam
1274 682 1438 718 belluam

128 755 272 784 vastam
291 756 327 785 et
346 749 565 795 immanem,
589 748 910 798 circumplicatam
931 747 1180 795 serpentibus,
1198 758 1439 795 quacumque

129 812 330 858 incederet,
352 814 481 850 omnia
515 815 677 859 arbusta,
698 813 866 862 virgulta,
889 819 989 850 tecta
1020 818 1231 860 pervertere
1244 823 1255 856 ;
1285 818 1322 848 et
1351 823 1439 848 eum
1457 821 1499 850 50

130 878 357 915 admiratum
388 879 580 928 quaesisse
603 880 649 916 de
673 879 745 915 deo
767 878 965 927 quodnam
994 876 1085 913 illud
1117 883 1216 913 esset
1236 876 1308 913 tale
1328 888 1438 913 mon-

130 950 272 980 strum:
302 950 340 980 et
373 943 487 980 deum
517 944 761 992 respondisse
794 942 1007 979 vastitatem
1039 953 1122 978 esse
1157 940 1298 985 Italiae,
1332 952 1442 989 prae-

99 1001 102 1004 ’
131 1009 354 1058 cepisseque
384 1017 426 1046 ut
457 1015 632 1057 pergeret
664 1008 862 1057 protinus;
894 1005 986 1055 quid
1016 1013 1116 1043 retro
1148 1012 1260 1054 atque
1287 1018 1310 1042 a
1333 1012 1441 1054 tergo

132 1073 236 1110 fieret
263 1085 312 1110 ne
333 1073 529 1110 laboraret.

189 1142 228 1175 5.
258 1137 375 1186 Apud
395 1137 647 1186 Agathoclem
668 1137 851 1185 scripturn
866 1135 906 1173 in
925 1135 1083 1173 historia
1098 1142 1166 1180 est,
1184 1134 1443 1172 Hamilcarem
1462 1144 1501 1175 55

135 1203 507 1251 Karthaginiensem,
535 1214 654 1251 quum
687 1208 928 1251 oppugnaret
961 1202 1177 1251 Syracusas,
1209 1201 1331 1238 visum
1361 1213 1445 1238 esse

135 1269 265 1306 audire
295 1280 442 1312 vocem,
476 1280 516 1305 se
554 1268 736 1316 postridie
775 1275 1022 1304 caenaturum
1062 1266 1278 1315 Syracusis:
1326 1278 1445 1316 quum

135 1342 263 1371 autem
292 1334 323 1370 is
358 1333 438 1370 dies
471 1333 663 1377 illuxisset,
685 1344 867 1381 magnam
891 1331 1120 1368 seditionem
1149 1332 1188 1368 in
1213 1331 1343 1369 castris
1366 1331 1446 1368 eius

136 1400 231 1436 inter
262 1398 413 1436 Poenos
447 1405 485 1434 et
519 1397 666 1434 Siculos
700 1397 836 1434 milites
868 1408 951 1434 esse
985 1396 1145 1433 factam:
1186 1396 1290 1446 quod
1328 1408 1447 1445 quum

137 1464 345 1501 sensissent
395 1463 633 1512 Syracusani,
673 1462 881 1511 improviso
920 1473 987 1498 eos
1031 1461 1071 1498 in
1110 1469 1232 1498 castra
1269 1448 1446 1509 irrupisse
1467 1467 1508 1497 60

138 1528 475 1576 Hamilcaremque
496 1528 544 1564 ab
574 1527 618 1564 iis
645 1527 772 1563 vivum
805 1539 888 1563 esse
919 1526 1121 1564 sublatum.
1178 1526 1238 1562 Ita
1265 1538 1325 1562 res
1346 1538 1450 1562 som-

137 1594 245 1630 nium
276 1593 548 1642 comprobavit.
597 1591 715 1628 Plena
744 1591 1010 1640 exemplorum
1030 1597 1086 1628 est
1105 1591 1270 1636 historia,
1291 1597 1372 1627 tum
1390 1603 1451 1628 re-

139 1659 232 1695 ferta
259 1658 334 1694 vita
363 1657 591 1695 communis.

194 1729 232 1761 6.
262 1724 313 1760 At
333 1735 422 1760 vero
442 1722 482 1768 E.
500 1721 641 1759 Decius
661 1721 721 1759 ille
741 1720 789 1768 Q.
811 1720 853 1759 F.
875 1721 939 1771 qui
958 1721 1103 1770 primus
1123 1733 1144 1757 e
1163 1720 1294 1757 Deciis
1315 1721 1450 1758 consul

140 1790 219 1833 fuit,
255 1799 373 1837 quum
403 1793 504 1824 esset
534 1787 705 1824 tribunus
737 1787 899 1823 militum
933 1786 987 1822 M.
1010 1786 1175 1830 Valerio,
1201 1786 1247 1822 A.
1271 1785 1450 1824 Cornelio
1469 1799 1508 1840 65

141 1854 372 1897 consulibus,
403 1863 426 1888 a
465 1851 774 1900 Samnitibusque
812 1859 1046 1900 premeretur
1083 1859 1213 1887 noster
1251 1852 1450 1895 exercitus,

141 1931 260 1968 quum
292 1917 460 1968 pericula
492 1917 720 1965 praeliorum
749 1917 858 1953 iniret
877 1917 1071 1959 audacius,
1092 1924 1387 1965 monereturque
1410 1926 1452 1954 ut

141 1985 286 2023 cautior
312 1989 422 2027 esset,
444 1981 547 2026 dixit,
568 1981 674 2030 quod
700 1987 823 2018 exstat
849 1981 889 2017 in
915 1981 1126 2025 annalibus,
1147 1981 1216 2017 sibi
1240 1980 1280 2016 in
1306 1981 1452 2018 somnis

141 2052 266 2088 visum
299 2060 393 2092 esse,
428 2058 547 2095 quum
580 2047 620 2082 in
653 2047 788 2083 mediis
821 2046 993 2083 hostibus
1024 2053 1245 2090 versaretur,
1277 2045 1452 2082 occidere

143 2127 231 2154 curn
263 2113 432 2150 maxima
464 2111 593 2159 gloria.
650 2110 699 2147 Et
725 2118 805 2147 tum
834 2110 989 2159 quidem
1013 2111 1215 2147 incolumis
1242 2111 1452 2147 exercitum
1474 2129 1514 2159 70

142 2180 344 2219 obsidione
381 2175 560 2213 liberavit.
617 2175 709 2212 Post
747 2176 951 2212 triennium
990 2183 1128 2219 autem,
1160 2187 1280 2224 quum
1318 2176 1453 2212 consul

144 2254 254 2291 esset,
286 2243 437 2282 devovit
475 2253 526 2285 se,
556 2247 594 2278 et
631 2241 671 2277 in
709 2241 831 2278 aciem
860 2240 1083 2276 Latinorum
1113 2240 1245 2288 irrupit
1273 2248 1451 2278 armatus.

144 2313 235 2359 Quo
256 2311 336 2347 eius
356 2308 456 2345 facto
479 2306 643 2354 superati
660 2312 746 2343 sunt
765 2313 801 2342 et
821 2305 932 2342 deleti
951 2304 1088 2341 Latini.
1147 2304 1265 2342 Cuius
1279 2317 1383 2342 mors
1401 2305 1454 2343 ita

143 2377 310 2427 gloriosa
329 2374 396 2411 fuit
414 2379 456 2410 ut
475 2371 652 2410 eamdem
672 2371 958 2421 concupisceret
977 2369 1085 2406 filius.
