1587 2533
119 105 202 149 226
360 132 364 139 <
469 112 714 144 EXTRACTS
743 113 879 144 FROM
905 112 1086 144 CICERO.
1293 114 1371 144 Sect.
1392 112 1437 144 v„

117 212 220 263 apud
240 212 285 251 C.
310 212 557 251 Sacerdotem
579 218 795 262 praetorem
821 213 874 250 rei
895 212 1064 261 capitalis
1085 223 1203 261 quum
1229 217 1431 248 accusatus

117 284 228 324 esset,
258 278 367 315 facile
397 290 444 315 eo
474 278 614 315 iudicio
643 284 700 314 est
727 278 919 314 liberatus.
975 277 1080 314 Huic
1109 277 1233 313 eidem
1268 275 1430 324 Sopatro

115 343 231 380 iidem
257 343 400 380 inimici
426 343 476 379 ad
502 342 545 380 C.
565 341 737 388 Verrem,
759 354 877 391 quum
903 341 933 379 is
959 340 1155 378 Sacerdoti
1175 341 1430 386 successisset,
1449 349 1466 381 5

117 409 289 446 eiusdem
321 408 375 445 rei
407 419 551 444 nornen
585 407 810 444 detulerunt.
865 406 947 444 Res
981 406 1143 455 Sopatro
1176 405 1294 443 facilis
1328 406 1431 443 vide-

115 474 236 520 batur,
268 479 305 510 et
334 472 439 522 quod
467 477 547 509 erat
576 471 773 517 innocens,
804 478 842 509 et
870 471 976 520 quod
1007 471 1223 509 Sacerdotis
1253 470 1432 508 iudicium

116 538 334 587 improbare
363 537 477 574 istum
507 548 686 574 ausurum
715 549 796 573 non
825 537 1084 574 arbitrabatur.
1143 535 1288 573 Citatur
1323 547 1433 573 reus:

117 615 234 640 causa
261 602 384 651 agitur
411 601 628 650 Syracusis:
659 601 818 638 crimina
837 607 1043 638 tractantur
1068 601 1116 637 ab
1136 606 1356 638 accusatore
1377 611 1433 644 ea,

118 680 216 716 quae
237 674 344 704 erant
363 673 475 704 antea
495 678 576 703 non
597 665 722 703 solum
748 665 981 712 defensione,
1002 677 1133 702 verum
1154 666 1267 702 etiam
1294 664 1434 701 iudicio
1457 671 1502 692 ¹0>

118 733 314 770 dissoluta.
373 731 540 769 Causam
572 731 722 780 Sopatri
752 730 982 768 defendebat
1010 729 1059 776 Q.
1088 729 1292 774 Minucius,
1317 741 1435 778 eques

119 797 319 835 Romanus
358 797 397 833 in
435 796 566 846 primis
604 795 826 844 splendidus
865 802 978 844 atque
1016 794 1211 836 honestus,
1241 794 1434 842 vobisque,

118 863 273 907 iudices,
294 874 374 899 non
398 862 562 911 ignotus.
622 860 725 897 Nihil
751 867 830 898 erat
856 861 894 896 in
915 872 1041 905 causa,
1063 859 1168 908 quod
1188 858 1436 896 metuendum

118 934 182 964 aut
202 928 361 964 omnino
382 927 487 976 quod
508 926 760 963 dubitandum
779 925 973 962 videretur.
1031 925 1182 961 Interea
1202 924 1308 960 istius
1325 923 1435 960 liber-

117 998 178 1030 tus
199 998 235 1028 et
255 1003 441 1029 accensus
462 991 564 1028 idem
592 989 868 1034 Timarchides,
891 989 957 1038 qui
977 995 1045 1034 est,
1066 989 1104 1026 id
1131 988 1235 1036 quod
1256 1000 1302 1025 ex
1321 987 1434 1037 pluri·
1458 998 1493 1030 15

117 1059 190 1095 mis
213 1058 371 1094 testibus
398 1057 523 1106 priore
551 1056 699 1093 actione
730 1055 921 1099 didicistis,
949 1066 1074 1092 rerum
1103 1054 1321 1091 huiusmodi
1351 1065 1435 1090 om-

117 1124 224 1160 nium
254 1128 466 1160 transactor
494 1128 532 1158 et
565 1121 796 1165 administer,
826 1120 875 1156 ad
906 1119 1111 1168 Sopatrum
1139 1119 1262 1165 venit3
1303 1123 1437 1155 monet

118 1188 328 1233 hominem,
357 1200 406 1224 ne
439 1187 552 1224 nimis
585 1187 727 1224 iudicio
763 1185 980 1223 Sacerdotis
1013 1190 1050 1221 et
1079 1196 1217 1221 causae
1247 1183 1436 1222 confidat:

119 1259 361 1291 accusatores
399 1253 649 1300 inimicosque
688 1252 768 1288 eius
806 1250 946 1287 habere
985 1250 1024 1286 in
1061 1250 1192 1286 animo
1234 1249 1437 1298 pecuniam

117 1318 283 1368 praetori
309 1318 419 1355 dare:
449 1324 663 1366 praetorem
691 1322 820 1353 tamen
840 1316 891 1353 ob
919 1314 1079 1352 salutem
1104 1314 1216 1352 malle
1243 1314 1437 1363 accipere:
1456 1326 1497 1347 20

119 1390 156 1420 et
177 1383 287 1420 simul
307 1383 430 1427 malle,
452 1383 482 1420 si
502 1382 579 1419 fieri
604 1387 744 1430 posset,
767 1393 847 1417 rem
874 1380 1078 1417 iudicatam
1105 1391 1184 1416 non
1211 1378 1437 1416 rescindere.

121 1447 293 1496 Sopater,
320 1459 439 1496 quum
468 1447 542 1484 hoc
572 1446 620 1483 illi
650 1446 898 1495 improvisum
927 1452 1041 1494 atque
1070 1444 1310 1493 inopinatum
1340 1443 1438 1480 acci-

120 1513 248 1558 disset,
270 1519 487 1550 commotus
518 1518 574 1549 est
605 1524 707 1557 sane,
734 1515 859 1560 neque
888 1511 927 1547 in
957 1506 1172 1559 praesentia
1200 1508 1438 1545 Timarchidi

120 1577 211 1627 quid
245 1577 494 1626 responderet
528 1576 669 1620 habuit,
704 1576 776 1613 nisi
810 1587 850 1613 se
884 1574 1210 1612 consideraturum
1245 1572 1336 1621 quid
1368 1572 1438 1609 sibi

120 1643 166 1680 de
197 1655 243 1680 ea
271 1655 310 1680 re
340 1648 440 1680 esset
468 1641 709 1679 faciendum:
748 1647 785 1678 et
813 1639 926 1677 simul
954 1638 1121 1676 ostendit
1150 1650 1190 1675 se
1219 1638 1258 1674 in
1288 1649 1438 1674 summa
1456 1651 1492 1683 25

120 1707 336 1745 difficultate
375 1719 459 1744 esse
497 1706 720 1743 nummaria.
778 1704 872 1742 Post
908 1704 958 1741 ad
995 1703 1140 1741 amicos
1178 1702 1302 1740 retulit
1314 1714 1325 1748 ;
1372 1702 1437 1750 qui

120 1785 238 1821 quum
265 1773 299 1809 ei
326 1771 487 1809 fuissent
514 1777 687 1808 auctores
714 1769 959 1807 redimendae
987 1768 1127 1813 salutis,
1149 1768 1197 1804 ad
1223 1767 1438 1805 Timarchi-

119 1837 208 1874 dem
228 1838 339 1874 venit.
396 1836 591 1886 Expositis
621 1836 698 1873 suis
727 1834 1018 1879 difficultatibus,
1048 1833 1247 1870 hominem
1275 1831 1325 1869 ad
1353 1831 1435 1869 HS.

120 1916 220 1941 Lxxx
240 1903 434 1952 perducit:
464 1913 625 1952 eamque
646 1901 680 1938 ei
705 1901 908 1950 pecuniam
928 1905 1113 1936 numerat.

177 1981 210 2005 2.
240 1968 497 2016 Posteaquam
531 1967 580 2004 ad
614 1977 769 2003 causam
803 1964 1004 2002 dicendam
1037 1969 1193 2000 ventum
1231 1969 1313 2000 est:
1355 1967 1437 2000 tum
1454 1973 1496 2003 30

120 2044 209 2070 vero
244 2033 325 2069 sine
353 2039 468 2078 metu,
500 2032 581 2068 sine
610 2043 700 2068 cura
729 2041 865 2068 omnes
893 2035 1011 2072 erant,
1041 2028 1106 2078 qui
1138 2027 1343 2077 Sopatrum
1373 2027 1438 2064 de-

122 2097 340 2136 fendebant.
399 2096 556 2134 Crimen
576 2095 722 2132 nullum
743 2101 841 2133 erat:
870 2106 930 2150 res
953 2093 1140 2143 iEQssCatass
1167 2093 1307 2130 Verres
1326 2104 1438 2130 num-

122 2175 207 2200 mos
237 2168 449 2210 acceperat.
507 2161 604 2207 Quis
633 2166 765 2210 posset
793 2159 974 2203 dubitare,
997 2158 1180 2208 quidnam
1209 2163 1311 2195 esset
1338 2157 1437 2193 futu-

122 2227 232 2265 rum?
290 2225 368 2263 Res
389 2226 450 2263 illo
473 2226 532 2263 die
553 2237 633 2262 non
653 2230 870 2274 peroratur:
900 2223 1095 2261 dimittitur
1114 2222 1307 2259 iudicium.
1361 2220 1438 2257 Ite-

123 2305 206 2329 rum
235 2292 285 2330 ad
315 2291 519 2341 Sopatrum
548 2290 814 2328 Timarchides
846 2289 986 2325 venitt·
1008 2288 1059 2324 ait
1088 2293 1327 2324 accusatores
1356 2285 1436 2322 eius
1453 2292 1491 2325 35

123 2358 242 2397 multo
269 2359 453 2396 maiorem
482 2357 685 2406 pecuniam
714 2355 878 2406 praetori
906 2352 1088 2403 polliceri,
1109 2363 1226 2401 quam
1256 2356 1437 2401 quantam
