<?xml version="1.0" encoding="UTF-8"?>
<!DOCTYPE html PUBLIC "-//W3C//DTD XHTML 1.0 Transitional//EN"
    "http://www.w3.org/TR/xhtml1/DTD/xhtml1-transitional.dtd">
<html xmlns="http://www.w3.org/1999/xhtml" xml:lang="en" lang="en">
 <head>
  <title>
</title>
<meta http-equiv="Content-Type" content="text/html;charset=utf-8" />
  <meta name='ocr-system' content='tesseract 3.04.00' />
  <meta name='ocr-capabilities' content='ocr_page ocr_carea ocr_par ocr_line ocrx_word'/>
</head>
<body>
  <div class='ocr_page' id='page_1' title='image "./extractsfromcice00ciceuoft_0264.png"; bbox 0 0 1587 2533; ppageno 0'>
   <div class='ocr_carea' id='block_1_1' title="bbox 115 127 1426 171">
    <p class='ocr_par' dir='ltr' id='par_1_1' title="bbox 115 127 1426 171">
     <span class='ocr_line' id='line_1_1' title="bbox 115 127 1426 171; baseline -0.002 -11"><span class='ocrx_word' id='word_1_1' title='bbox 115 131 198 171; x_wconf 84' lang='lat'>244</span> <span class='ocrx_word' id='word_1_2' title='bbox 461 127 524 158; x_wconf 88' lang='lat' dir='ltr'>EX</span> <span class='ocrx_word' id='word_1_3' title='bbox 529 127 617 158; x_wconf 85' lang='lat' dir='ltr'>TRA</span> <span class='ocrx_word' id='word_1_4' title='bbox 625 127 705 158; x_wconf 90' lang='lat' dir='ltr'>CTS</span> <span class='ocrx_word' id='word_1_5' title='bbox 732 127 867 158; x_wconf 89' lang='lat' dir='ltr'><em>FROM</em></span> <span class='ocrx_word' id='word_1_6' title='bbox 896 128 1076 160; x_wconf 87' lang='lat' dir='ltr'><strong><em>CICERO.</em></strong></span> <span class='ocrx_word' id='word_1_7' title='bbox 1286 129 1365 160; x_wconf 80' lang='lat' dir='ltr'>sect.</span> <span class='ocrx_word' id='word_1_8' title='bbox 1386 131 1426 159; x_wconf 81' lang='lat' dir='ltr'>V·</span> 
     </span>
    </p>
   </div>
   <div class='ocr_carea' id='block_1_2' title="bbox 107 227 1485 1123">
    <p class='ocr_par' dir='ltr' id='par_1_2' title="bbox 107 227 1485 1123">
     <span class='ocr_line' id='line_1_2' title="bbox 112 227 1423 276; baseline 0 -12"><span class='ocrx_word' id='word_1_9' title='bbox 112 227 192 264; x_wconf 89' lang='lat' dir='ltr'>fieri</span> <span class='ocrx_word' id='word_1_10' title='bbox 220 240 346 264; x_wconf 87' lang='lat' dir='ltr'>rerum</span> <span class='ocrx_word' id='word_1_11' title='bbox 375 227 612 276; x_wconf 88' lang='lat' dir='ltr'>capitalium:</span> <span class='ocrx_word' id='word_1_12' title='bbox 656 238 781 275; x_wconf 91' lang='lat' dir='ltr'>neque</span> <span class='ocrx_word' id='word_1_13' title='bbox 815 227 940 264; x_wconf 91' lang='lat' dir='ltr'>solum</span> <span class='ocrx_word' id='word_1_14' title='bbox 968 232 1190 275; x_wconf 83' lang='lat' dir='ltr'><strong>praesentes</strong></span> <span class='ocrx_word' id='word_1_15' title='bbox 1217 238 1303 264; x_wconf 89' lang='lat' dir='ltr'>reos</span> <span class='ocrx_word' id='word_1_16' title='bbox 1331 228 1423 273; x_wconf 87' lang='lat' dir='ltr'>fieri,</span> 
     </span>
     <span class='ocr_line' id='line_1_3' title="bbox 112 290 1425 329; baseline 0.001 -1"><span class='ocrx_word' id='word_1_17' title='bbox 112 293 181 329; x_wconf 91' lang='lat' dir='ltr'>sed</span> <span class='ocrx_word' id='word_1_18' title='bbox 218 293 331 329; x_wconf 87' lang='lat' dir='ltr'>etiam</span> <span class='ocrx_word' id='word_1_19' title='bbox 370 293 558 329; x_wconf 82' lang='lat' dir='ltr'><strong>absentes.</strong></span> <span class='ocrx_word' id='word_1_20' title='bbox 626 290 822 328; x_wconf 88' lang='lat' dir='ltr'>Diodorus</span> <span class='ocrx_word' id='word_1_21' title='bbox 860 290 1010 328; x_wconf 91' lang='lat' dir='ltr'>Romae</span> <span class='ocrx_word' id='word_1_22' title='bbox 1039 291 1253 328; x_wconf 88' lang='lat' dir='ltr'>sordidatus</span> <span class='ocrx_word' id='word_1_23' title='bbox 1282 292 1425 329; x_wconf 88' lang='lat' dir='ltr'>circum</span> 
     </span>
     <span class='ocr_line' id='line_1_4' title="bbox 111 356 1482 406; baseline 0.001 -13"><span class='ocrx_word' id='word_1_24' title='bbox 111 364 295 405; x_wconf 89' lang='lat' dir='ltr'>patronos</span> <span class='ocrx_word' id='word_1_25' title='bbox 317 364 430 406; x_wconf 88' lang='lat' dir='ltr'>atque</span> <span class='ocrx_word' id='word_1_26' title='bbox 451 356 623 405; x_wconf 82' lang='lat' dir='ltr'>hospites</span> <span class='ocrx_word' id='word_1_27' title='bbox 643 368 815 393; x_wconf 91' lang='lat' dir='ltr'>cursare:</span> <span class='ocrx_word' id='word_1_28' title='bbox 843 368 924 392; x_wconf 90' lang='lat' dir='ltr'>rem</span> <span class='ocrx_word' id='word_1_29' title='bbox 944 356 1122 392; x_wconf 86' lang='lat' dir='ltr'>omnibus</span> <span class='ocrx_word' id='word_1_30' title='bbox 1141 368 1302 394; x_wconf 88' lang='lat' dir='ltr'>narrare.</span> <span class='ocrx_word' id='word_1_31' title='bbox 1344 356 1423 394; x_wconf 92' lang='lat' dir='ltr'>Lit-</span> <span class='ocrx_word' id='word_1_32' title='bbox 1440 361 1482 395; x_wconf 89' lang='lat'>45</span> 
     </span>
     <span class='ocr_line' id='line_1_5' title="bbox 110 420 1421 469; baseline 0 -11"><span class='ocrx_word' id='word_1_33' title='bbox 110 429 213 458; x_wconf 89' lang='lat' dir='ltr'>terae</span> <span class='ocrx_word' id='word_1_34' title='bbox 252 422 450 458; x_wconf 86' lang='lat' dir='ltr'>mittuntur</span> <span class='ocrx_word' id='word_1_35' title='bbox 484 421 544 457; x_wconf 86' lang='lat' dir='ltr'>isti</span> <span class='ocrx_word' id='word_1_36' title='bbox 583 433 606 457; x_wconf 91' lang='lat' dir='ltr'>a</span> <span class='ocrx_word' id='word_1_37' title='bbox 639 427 744 469; x_wconf 88' lang='lat' dir='ltr'>patre</span> <span class='ocrx_word' id='word_1_38' title='bbox 780 420 1037 465; x_wconf 87' lang='lat' dir='ltr'>vehementes,</span> <span class='ocrx_word' id='word_1_39' title='bbox 1070 421 1118 457; x_wconf 88' lang='lat' dir='ltr'>ab</span> <span class='ocrx_word' id='word_1_40' title='bbox 1151 421 1282 458; x_wconf 90' lang='lat' dir='ltr'>amicis</span> <span class='ocrx_word' id='word_1_41' title='bbox 1319 421 1421 468; x_wconf 91' lang='lat' dir='ltr'>item,</span> 
     </span>
     <span class='ocr_line' id='line_1_6' title="bbox 110 485 1423 535; baseline 0.001 -13"><span class='ocrx_word' id='word_1_42' title='bbox 110 487 264 532; x_wconf 86' lang='lat' dir='ltr'>videret,</span> <span class='ocrx_word' id='word_1_43' title='bbox 300 487 391 535; x_wconf 90' lang='lat' dir='ltr'>quid</span> <span class='ocrx_word' id='word_1_44' title='bbox 429 492 558 535; x_wconf 83' lang='lat' dir='ltr'>ageret</span> <span class='ocrx_word' id='word_1_45' title='bbox 586 485 633 523; x_wconf 90' lang='lat' dir='ltr'>de</span> <span class='ocrx_word' id='word_1_46' title='bbox 662 485 848 531; x_wconf 90' lang='lat' dir='ltr'>Diodoro,</span> <span class='ocrx_word' id='word_1_47' title='bbox 879 497 956 534; x_wconf 92' lang='lat' dir='ltr'>quo</span> <span class='ocrx_word' id='word_1_48' title='bbox 984 485 1297 534; x_wconf 84' lang='lat' dir='ltr'>progrederetur:</span> <span class='ocrx_word' id='word_1_49' title='bbox 1340 498 1423 523; x_wconf 91' lang='lat' dir='ltr'>rem</span> 
     </span>
     <span class='ocr_line' id='line_1_7' title="bbox 109 550 1422 600; baseline 0.002 -14"><span class='ocrx_word' id='word_1_50' title='bbox 109 551 250 587; x_wconf 85' lang='lat' dir='ltr'>claram</span> <span class='ocrx_word' id='word_1_51' title='bbox 279 563 362 588; x_wconf 90' lang='lat' dir='ltr'>esse</span> <span class='ocrx_word' id='word_1_52' title='bbox 393 557 429 587; x_wconf 88' lang='lat' dir='ltr'>et</span> <span class='ocrx_word' id='word_1_53' title='bbox 457 550 705 587; x_wconf 80' lang='lat' dir='ltr'>invidiosam:</span> <span class='ocrx_word' id='word_1_54' title='bbox 747 550 911 588; x_wconf 85' lang='lat' dir='ltr'>insanire</span> <span class='ocrx_word' id='word_1_55' title='bbox 948 550 1171 588; x_wconf 90' lang='lat' dir='ltr'>hominem:</span> <span class='ocrx_word' id='word_1_56' title='bbox 1214 551 1422 600; x_wconf 85' lang='lat' dir='ltr'>periturum</span> 
     </span>
     <span class='ocr_line' id='line_1_8' title="bbox 109 615 1423 664; baseline 0.001 -12"><span class='ocrx_word' id='word_1_57' title='bbox 109 615 184 653; x_wconf 90' lang='lat' dir='ltr'>hoc</span> <span class='ocrx_word' id='word_1_58' title='bbox 213 627 291 652; x_wconf 90' lang='lat' dir='ltr'>uno</span> <span class='ocrx_word' id='word_1_59' title='bbox 321 616 489 660; x_wconf 89' lang='lat' dir='ltr'>crimine,</span> <span class='ocrx_word' id='word_1_60' title='bbox 520 615 592 652; x_wconf 91' lang='lat' dir='ltr'>nisi</span> <span class='ocrx_word' id='word_1_61' title='bbox 621 616 791 653; x_wconf 81' lang='lat' dir='ltr'>cavisset.</span> <span class='ocrx_word' id='word_1_62' title='bbox 848 615 926 652; x_wconf 87' lang='lat' dir='ltr'>Iste</span> <span class='ocrx_word' id='word_1_63' title='bbox 955 616 1068 652; x_wconf 89' lang='lat' dir='ltr'>etiam</span> <span class='ocrx_word' id='word_1_64' title='bbox 1096 622 1177 652; x_wconf 90' lang='lat' dir='ltr'>tum</span> <span class='ocrx_word' id='word_1_65' title='bbox 1206 624 1366 664; x_wconf 88' lang='lat' dir='ltr'>patrem,</span> <span class='ocrx_word' id='word_1_66' title='bbox 1391 615 1423 653; x_wconf 90' lang='lat' dir='ltr'>si</span> 
     </span>
     <span class='ocr_line' id='line_1_9' title="bbox 108 681 1484 730; baseline 0 -12"><span class='ocrx_word' id='word_1_67' title='bbox 108 693 188 719; x_wconf 91' lang='lat' dir='ltr'>non</span> <span class='ocrx_word' id='word_1_68' title='bbox 218 682 257 718; x_wconf 91' lang='lat' dir='ltr'>in</span> <span class='ocrx_word' id='word_1_69' title='bbox 285 682 463 730; x_wconf 88' lang='lat' dir='ltr'>parentis,</span> <span class='ocrx_word' id='word_1_70' title='bbox 485 688 522 718; x_wconf 91' lang='lat' dir='ltr'>at</span> <span class='ocrx_word' id='word_1_71' title='bbox 550 682 590 718; x_wconf 92' lang='lat' dir='ltr'>in</span> <span class='ocrx_word' id='word_1_72' title='bbox 618 681 819 718; x_wconf 91' lang='lat' dir='ltr'>hominum</span> <span class='ocrx_word' id='word_1_73' title='bbox 847 694 1009 719; x_wconf 91' lang='lat' dir='ltr'>numero</span> <span class='ocrx_word' id='word_1_74' title='bbox 1038 683 1218 730; x_wconf 91' lang='lat' dir='ltr'>putabat:</span> <span class='ocrx_word' id='word_1_75' title='bbox 1247 682 1297 719; x_wconf 88' lang='lat' dir='ltr'>ad</span> <span class='ocrx_word' id='word_1_76' title='bbox 1325 681 1422 718; x_wconf 87' lang='lat' dir='ltr'>iudi·</span> <span class='ocrx_word' id='word_1_77' title='bbox 1441 691 1484 723; x_wconf 89' lang='lat'>50</span> 
     </span>
     <span class='ocr_line' id='line_1_10' title="bbox 109 746 1423 796; baseline 0 -13"><span class='ocrx_word' id='word_1_78' title='bbox 109 747 210 784; x_wconf 91' lang='lat' dir='ltr'>cium</span> <span class='ocrx_word' id='word_1_79' title='bbox 238 746 413 783; x_wconf 91' lang='lat' dir='ltr'>nondum</span> <span class='ocrx_word' id='word_1_80' title='bbox 442 758 482 783; x_wconf 88' lang='lat' dir='ltr'>se</span> <span class='ocrx_word' id='word_1_81' title='bbox 510 747 600 784; x_wconf 86' lang='lat' dir='ltr'>satis</span> <span class='ocrx_word' id='word_1_82' title='bbox 629 747 876 784; x_wconf 82' lang='lat' dir='ltr'>instruxerat:</span> <span class='ocrx_word' id='word_1_83' title='bbox 906 747 1050 795; x_wconf 89' lang='lat' dir='ltr'>primus</span> <span class='ocrx_word' id='word_1_84' title='bbox 1077 759 1200 783; x_wconf 89' lang='lat' dir='ltr'>annus</span> <span class='ocrx_word' id='word_1_85' title='bbox 1229 753 1307 783; x_wconf 92' lang='lat' dir='ltr'>erat</span> <span class='ocrx_word' id='word_1_86' title='bbox 1333 759 1423 796; x_wconf 88' lang='lat' dir='ltr'>pro-</span> 
     </span>
     <span class='ocr_line' id='line_1_11' title="bbox 107 810 1422 860; baseline 0.001 -13"><span class='ocrx_word' id='word_1_87' title='bbox 107 812 276 857; x_wconf 81' lang='lat' dir='ltr'>vinciae3</span> <span class='ocrx_word' id='word_1_88' title='bbox 307 823 388 848; x_wconf 90' lang='lat' dir='ltr'>non</span> <span class='ocrx_word' id='word_1_89' title='bbox 415 818 457 847; x_wconf 94' lang='lat' dir='ltr'>ut</span> <span class='ocrx_word' id='word_1_90' title='bbox 490 811 528 847; x_wconf 92' lang='lat' dir='ltr'>in</span> <span class='ocrx_word' id='word_1_91' title='bbox 559 811 728 857; x_wconf 86' lang='lat' dir='ltr'>Sthenio,</span> <span class='ocrx_word' id='word_1_92' title='bbox 757 812 834 848; x_wconf 90' lang='lat' dir='ltr'>iarn</span> <span class='ocrx_word' id='word_1_93' title='bbox 861 811 1020 848; x_wconf 86' lang='lat' dir='ltr'>refertus</span> <span class='ocrx_word' id='word_1_94' title='bbox 1053 811 1226 860; x_wconf 88' lang='lat' dir='ltr'>pecunia.</span> <span class='ocrx_word' id='word_1_95' title='bbox 1285 810 1422 860; x_wconf 88' lang='lat' dir='ltr'>Itaque</span> 
     </span>
     <span class='ocr_line' id='line_1_12' title="bbox 108 875 1423 925; baseline 0 -13"><span class='ocrx_word' id='word_1_96' title='bbox 108 875 212 913; x_wconf 84' lang='lat' dir='ltr'>furor</span> <span class='ocrx_word' id='word_1_97' title='bbox 241 876 321 913; x_wconf 92' lang='lat' dir='ltr'>eius</span> <span class='ocrx_word' id='word_1_98' title='bbox 350 875 569 925; x_wconf 83' lang='lat' dir='ltr'><strong>paullulum,</strong></span> <span class='ocrx_word' id='word_1_99' title='bbox 599 888 679 913; x_wconf 90' lang='lat' dir='ltr'>non</span> <span class='ocrx_word' id='word_1_100' title='bbox 708 876 866 925; x_wconf 89' lang='lat' dir='ltr'>pudore,</span> <span class='ocrx_word' id='word_1_101' title='bbox 896 876 963 913; x_wconf 92' lang='lat' dir='ltr'>sed</span> <span class='ocrx_word' id='word_1_102' title='bbox 992 884 1097 913; x_wconf 83' lang='lat' dir='ltr'>metu</span> <span class='ocrx_word' id='word_1_103' title='bbox 1125 888 1170 913; x_wconf 91' lang='lat' dir='ltr'>ac</span> <span class='ocrx_word' id='word_1_104' title='bbox 1199 876 1334 913; x_wconf 92' lang='lat' dir='ltr'>timore</span> <span class='ocrx_word' id='word_1_105' title='bbox 1363 888 1423 912; x_wconf 90' lang='lat' dir='ltr'>re-</span> 
     </span>
     <span class='ocr_line' id='line_1_13' title="bbox 107 940 1422 990; baseline -0.001 -12"><span class='ocrx_word' id='word_1_106' title='bbox 107 953 262 990; x_wconf 89' lang='lat' dir='ltr'>pressus</span> <span class='ocrx_word' id='word_1_107' title='bbox 287 948 353 978; x_wconf 90' lang='lat' dir='ltr'>est.</span> <span class='ocrx_word' id='word_1_108' title='bbox 412 940 682 979; x_wconf 89' lang='lat' dir='ltr'>Condemnare</span> <span class='ocrx_word' id='word_1_109' title='bbox 710 941 926 978; x_wconf 89' lang='lat' dir='ltr'>Diodorum</span> <span class='ocrx_word' id='word_1_110' title='bbox 953 953 1031 978; x_wconf 90' lang='lat' dir='ltr'>non</span> <span class='ocrx_word' id='word_1_111' title='bbox 1058 941 1192 978; x_wconf 88' lang='lat' dir='ltr'>audet:</span> <span class='ocrx_word' id='word_1_112' title='bbox 1221 941 1422 978; x_wconf 86' lang='lat' dir='ltr'>absentem</span> 
     </span>
     <span class='ocr_line' id='line_1_14' title="bbox 109 1007 1485 1057; baseline 0.001 -13"><span class='ocrx_word' id='word_1_113' title='bbox 109 1007 157 1044; x_wconf 92' lang='lat' dir='ltr'>de</span> <span class='ocrx_word' id='word_1_114' title='bbox 177 1008 250 1044; x_wconf 89' lang='lat' dir='ltr'>reis</span> <span class='ocrx_word' id='word_1_115' title='bbox 271 1007 413 1044; x_wconf 78' lang='lat' dir='ltr'>eximit.</span> <span class='ocrx_word' id='word_1_116' title='bbox 470 1007 665 1044; x_wconf 86' lang='lat' dir='ltr'>Diodorus</span> <span class='ocrx_word' id='word_1_117' title='bbox 691 1007 834 1044; x_wconf 89' lang='lat' dir='ltr'>interea</span> <span class='ocrx_word' id='word_1_118' title='bbox 860 1015 1033 1057; x_wconf 85' lang='lat' dir='ltr'>praetore</span> <span class='ocrx_word' id='word_1_119' title='bbox 1059 1007 1132 1044; x_wconf 89' lang='lat' dir='ltr'>isto</span> <span class='ocrx_word' id='word_1_120' title='bbox 1158 1019 1278 1057; x_wconf 90' lang='lat' dir='ltr'>prope</span> <span class='ocrx_word' id='word_1_121' title='bbox 1306 1007 1424 1044; x_wconf 88' lang='lat' dir='ltr'>trien·</span> <span class='ocrx_word' id='word_1_122' title='bbox 1443 1013 1485 1045; x_wconf 88' lang='grc'>55</span> 
     </span>
     <span class='ocr_line' id='line_1_15' title="bbox 109 1072 795 1123; baseline 0 -14"><span class='ocrx_word' id='word_1_123' title='bbox 109 1073 215 1110; x_wconf 89' lang='lat' dir='ltr'>nium</span> <span class='ocrx_word' id='word_1_124' title='bbox 236 1073 431 1122; x_wconf 81' lang='lat' dir='ltr'>provincia</span> <span class='ocrx_word' id='word_1_125' title='bbox 451 1072 645 1123; x_wconf 89' lang='lat' dir='ltr'>domoque</span> <span class='ocrx_word' id='word_1_126' title='bbox 666 1072 795 1110; x_wconf 88' lang='lat' dir='ltr'>caruit.</span> 
     </span>
    </p>
   </div>
   <div class='ocr_carea' id='block_1_3' title="bbox 231 1226 1283 1278">
    <p class='ocr_par' dir='ltr' id='par_1_3' title="bbox 231 1226 1283 1278">
     <span class='ocr_line' id='line_1_16' title="bbox 231 1226 1283 1278; baseline 0 -13"><span class='ocrx_word' id='word_1_127' title='bbox 231 1230 268 1266; x_wconf 83' lang='lat'>7.</span> <span class='ocrx_word' id='word_1_128' title='bbox 298 1226 401 1264; x_wconf 84' lang='lat' dir='ltr'>How</span> <span class='ocrx_word' id='word_1_129' title='bbox 429 1227 555 1264; x_wconf 81' lang='lat' dir='ltr'>Verres</span> <span class='ocrx_word' id='word_1_130' title='bbox 575 1227 705 1265; x_wconf 70' lang='lat' dir='ltr'>robbed</span> <span class='ocrx_word' id='word_1_131' title='bbox 718 1228 858 1265; x_wconf 84' lang='lat' dir='ltr'>Prz&#39;nce</span> <span class='ocrx_word' id='word_1_132' title='bbox 876 1226 1080 1265; x_wconf 74' lang='lat' dir='ltr'>Antiochus</span> <span class='ocrx_word' id='word_1_133' title='bbox 1099 1229 1147 1278; x_wconf 86' lang='lat' dir='ltr'>of</span> <span class='ocrx_word' id='word_1_134' title='bbox 1157 1227 1283 1276; x_wconf 71' lang='lat' dir='ltr'>Syria.</span> 
     </span>
    </p>
   </div>
   <div class='ocr_carea' id='block_1_4' title="bbox 110 1330 1488 2424">
    <p class='ocr_par' dir='ltr' id='par_1_4' title="bbox 110 1330 1488 2424">
     <span class='ocr_line' id='line_1_17' title="bbox 168 1330 1424 1377; baseline 0 -10"><span class='ocrx_word' id='word_1_135' title='bbox 168 1342 202 1368; x_wconf 88' lang='lat'>1.</span> <span class='ocrx_word' id='word_1_136' title='bbox 230 1330 357 1368; x_wconf 80' lang='lat' dir='ltr'>Venio</span> <span class='ocrx_word' id='word_1_137' title='bbox 377 1343 490 1377; x_wconf 85' lang='lat' dir='ltr'>nunc,</span> <span class='ocrx_word' id='word_1_138' title='bbox 511 1343 590 1368; x_wconf 91' lang='lat' dir='ltr'>non</span> <span class='ocrx_word' id='word_1_139' title='bbox 610 1331 687 1368; x_wconf 86' lang='lat' dir='ltr'>iam</span> <span class='ocrx_word' id='word_1_140' title='bbox 707 1331 755 1369; x_wconf 91' lang='lat' dir='ltr'>ad</span> <span class='ocrx_word' id='word_1_141' title='bbox 775 1331 926 1377; x_wconf 87' lang='lat' dir='ltr'>furtum,</span> <span class='ocrx_word' id='word_1_142' title='bbox 948 1344 1028 1369; x_wconf 93' lang='lat' dir='ltr'>non</span> <span class='ocrx_word' id='word_1_143' title='bbox 1049 1332 1096 1369; x_wconf 89' lang='lat' dir='ltr'>ad</span> <span class='ocrx_word' id='word_1_144' title='bbox 1117 1331 1321 1376; x_wconf 85' lang='lat' dir='ltr'>avaritiam,</span> <span class='ocrx_word' id='word_1_145' title='bbox 1343 1341 1424 1368; x_wconf 93' lang='lat' dir='ltr'>non</span> 
     </span>
     <span class='ocr_line' id='line_1_18' title="bbox 110 1396 1425 1446; baseline 0 -14"><span class='ocrx_word' id='word_1_146' title='bbox 110 1396 160 1433; x_wconf 88' lang='lat' dir='ltr'>ad</span> <span class='ocrx_word' id='word_1_147' title='bbox 189 1397 447 1445; x_wconf 86' lang='lat' dir='ltr'>cupiditatem,</span> <span class='ocrx_word' id='word_1_148' title='bbox 469 1397 536 1434; x_wconf 90' lang='lat' dir='ltr'>sed</span> <span class='ocrx_word' id='word_1_149' title='bbox 563 1397 752 1434; x_wconf 89' lang='lat' dir='ltr'>eiusmodi</span> <span class='ocrx_word' id='word_1_150' title='bbox 778 1396 938 1443; x_wconf 83' lang='lat' dir='ltr'>facinus,</span> <span class='ocrx_word' id='word_1_151' title='bbox 958 1398 997 1434; x_wconf 92' lang='lat' dir='ltr'>in</span> <span class='ocrx_word' id='word_1_152' title='bbox 1026 1409 1104 1446; x_wconf 91' lang='lat' dir='ltr'>quo</span> <span class='ocrx_word' id='word_1_153' title='bbox 1124 1397 1255 1434; x_wconf 89' lang='lat' dir='ltr'>omnia</span> <span class='ocrx_word' id='word_1_154' title='bbox 1281 1396 1425 1433; x_wconf 82' lang='lat' dir='ltr'>nefaria</span> 
     </span>
     <span class='ocr_line' id='line_1_19' title="bbox 111 1461 1423 1511; baseline 0 -13"><span class='ocrx_word' id='word_1_155' title='bbox 111 1461 298 1498; x_wconf 89' lang='lat' dir='ltr'>contineri</span> <span class='ocrx_word' id='word_1_156' title='bbox 316 1461 408 1498; x_wconf 91' lang='lat' dir='ltr'>mihi</span> <span class='ocrx_word' id='word_1_157' title='bbox 429 1469 541 1511; x_wconf 89' lang='lat' dir='ltr'>atque</span> <span class='ocrx_word' id='word_1_158' title='bbox 560 1462 686 1499; x_wconf 88' lang='lat' dir='ltr'>inesse</span> <span class='ocrx_word' id='word_1_159' title='bbox 707 1462 902 1499; x_wconf 75' lang='lat' dir='ltr'>videantur</span> <span class='ocrx_word' id='word_1_160' title='bbox 913 1475 922 1508; x_wconf 88' lang='lat'>;</span> <span class='ocrx_word' id='word_1_161' title='bbox 953 1463 992 1499; x_wconf 90' lang='lat' dir='ltr'>in</span> <span class='ocrx_word' id='word_1_162' title='bbox 1013 1474 1091 1511; x_wconf 91' lang='lat' dir='ltr'>quo</span> <span class='ocrx_word' id='word_1_163' title='bbox 1117 1462 1169 1499; x_wconf 90' lang='lat' dir='ltr'>dii</span> <span class='ocrx_word' id='word_1_164' title='bbox 1188 1461 1423 1498; x_wconf 87' lang='lat' dir='ltr'>immortales</span> 
     </span>
     <span class='ocr_line' id='line_1_20' title="bbox 110 1526 1424 1577; baseline 0 -15"><span class='ocrx_word' id='word_1_165' title='bbox 110 1527 247 1572; x_wconf 72' lang='lat' dir='ltr'>violati,</span> <span class='ocrx_word' id='word_1_166' title='bbox 272 1527 500 1564; x_wconf 80' lang='lat' dir='ltr'>existimatio</span> <span class='ocrx_word' id='word_1_167' title='bbox 530 1534 641 1575; x_wconf 87' lang='lat' dir='ltr'>atque</span> <span class='ocrx_word' id='word_1_168' title='bbox 671 1528 875 1565; x_wconf 85' lang='lat' dir='ltr'>auctoritas</span> <span class='ocrx_word' id='word_1_169' title='bbox 904 1528 1072 1565; x_wconf 86' lang='lat' dir='ltr'>nominis</span> <span class='ocrx_word' id='word_1_170' title='bbox 1096 1527 1229 1577; x_wconf 90' lang='lat' dir='ltr'>populi</span> <span class='ocrx_word' id='word_1_171' title='bbox 1254 1526 1424 1563; x_wconf 87' lang='lat' dir='ltr'>Romani</span> 
     </span>
     <span class='ocr_line' id='line_1_21' title="bbox 110 1592 1464 1641; baseline -0.001 -12"><span class='ocrx_word' id='word_1_172' title='bbox 110 1593 322 1638; x_wconf 90' lang='lat' dir='ltr'>imminuta,</span> <span class='ocrx_word' id='word_1_173' title='bbox 342 1592 551 1640; x_wconf 87' lang='lat' dir='ltr'>hospitium</span> <span class='ocrx_word' id='word_1_174' title='bbox 581 1592 784 1640; x_wconf 90' lang='lat' dir='ltr'>spoliatum</span> <span class='ocrx_word' id='word_1_175' title='bbox 813 1605 858 1630; x_wconf 90' lang='lat' dir='ltr'>ac</span> <span class='ocrx_word' id='word_1_176' title='bbox 886 1593 1091 1641; x_wconf 88' lang='lat' dir='ltr'>proditum,</span> <span class='ocrx_word' id='word_1_177' title='bbox 1113 1592 1314 1629; x_wconf 88' lang='lat' dir='ltr'>abalienati</span> <span class='ocrx_word' id='word_1_178' title='bbox 1342 1602 1424 1628; x_wconf 87' lang='lat' dir='ltr'>sce—</span> <span class='ocrx_word' id='word_1_179' title='bbox 1445 1604 1464 1637; x_wconf 86' lang='lat'><strong>5</strong></span> 
     </span>
     <span class='ocr_line' id='line_1_22' title="bbox 111 1657 1424 1707; baseline 0 -13"><span class='ocrx_word' id='word_1_180' title='bbox 111 1657 186 1694; x_wconf 90' lang='lat' dir='ltr'>lere</span> <span class='ocrx_word' id='word_1_181' title='bbox 215 1658 321 1695; x_wconf 87' lang='lat' dir='ltr'>istius</span> <span class='ocrx_word' id='word_1_182' title='bbox 348 1669 371 1694; x_wconf 89' lang='lat' dir='ltr'>a</span> <span class='ocrx_word' id='word_1_183' title='bbox 390 1657 500 1694; x_wconf 91' lang='lat' dir='ltr'>nobis</span> <span class='ocrx_word' id='word_1_184' title='bbox 521 1669 656 1694; x_wconf 89' lang='lat' dir='ltr'>omnes</span> <span class='ocrx_word' id='word_1_185' title='bbox 681 1669 790 1706; x_wconf 83' lang='lat' dir='ltr'>reges</span> <span class='ocrx_word' id='word_1_186' title='bbox 811 1658 1031 1694; x_wconf 87' lang='lat' dir='ltr'>amicissimi</span> <span class='ocrx_word' id='word_1_187' title='bbox 1055 1657 1306 1707; x_wconf 87' lang='lat' dir='ltr'>nationesque</span> <span class='ocrx_word' id='word_1_188' title='bbox 1327 1669 1424 1706; x_wconf 90' lang='lat' dir='ltr'>quae</span> 
     </span>
     <span class='ocr_line' id='line_1_23' title="bbox 111 1721 1425 1771; baseline 0.001 -13"><span class='ocrx_word' id='word_1_189' title='bbox 111 1723 150 1759; x_wconf 90' lang='lat' dir='ltr'>in</span> <span class='ocrx_word' id='word_1_190' title='bbox 180 1734 313 1760; x_wconf 91' lang='lat' dir='ltr'>eorum</span> <span class='ocrx_word' id='word_1_191' title='bbox 341 1734 462 1771; x_wconf 84' lang='lat' dir='ltr'>regno</span> <span class='ocrx_word' id='word_1_192' title='bbox 491 1734 535 1759; x_wconf 91' lang='lat' dir='ltr'>ac</span> <span class='ocrx_word' id='word_1_193' title='bbox 565 1722 706 1759; x_wconf 88' lang='lat' dir='ltr'>ditione</span> <span class='ocrx_word' id='word_1_194' title='bbox 737 1730 834 1759; x_wconf 89' lang='lat' dir='ltr'>sunt.</span> <span class='ocrx_word' id='word_1_195' title='bbox 892 1721 994 1759; x_wconf 84' lang='lat' dir='ltr'>Nam</span> <span class='ocrx_word' id='word_1_196' title='bbox 1020 1734 1130 1770; x_wconf 86' lang='lat' dir='ltr'>reges</span> <span class='ocrx_word' id='word_1_197' title='bbox 1159 1721 1299 1771; x_wconf 77' lang='lat' dir='ltr'>Syriae,</span> <span class='ocrx_word' id='word_1_198' title='bbox 1324 1723 1425 1771; x_wconf 86' lang='lat' dir='ltr'>regis</span> 
     </span>
     <span class='ocr_line' id='line_1_24' title="bbox 111 1787 1426 1837; baseline 0 -12"><span class='ocrx_word' id='word_1_199' title='bbox 111 1788 294 1826; x_wconf 89' lang='lat' dir='ltr'>Antiochi</span> <span class='ocrx_word' id='word_1_200' title='bbox 320 1788 417 1825; x_wconf 88' lang='lat' dir='ltr'>filios</span> <span class='ocrx_word' id='word_1_201' title='bbox 444 1800 596 1836; x_wconf 90' lang='lat' dir='ltr'>pueros,</span> <span class='ocrx_word' id='word_1_202' title='bbox 619 1787 720 1824; x_wconf 88' lang='lat' dir='ltr'>scitis</span> <span class='ocrx_word' id='word_1_203' title='bbox 742 1787 892 1824; x_wconf 83' lang='lat' dir='ltr'>Romae</span> <span class='ocrx_word' id='word_1_204' title='bbox 919 1800 1041 1837; x_wconf 89' lang='lat' dir='ltr'>nuper</span> <span class='ocrx_word' id='word_1_205' title='bbox 1060 1788 1198 1825; x_wconf 82' lang='lat' dir='ltr'>fuisse:</span> <span class='ocrx_word' id='word_1_206' title='bbox 1229 1789 1293 1836; x_wconf 91' lang='lat' dir='ltr'>qui</span> <span class='ocrx_word' id='word_1_207' title='bbox 1313 1800 1426 1825; x_wconf 89' lang='lat' dir='ltr'>vene-</span> 
     </span>
     <span class='ocr_line' id='line_1_25' title="bbox 111 1852 1428 1902; baseline 0.001 -12"><span class='ocrx_word' id='word_1_208' title='bbox 111 1862 197 1890; x_wconf 86' lang='lat' dir='ltr'>rant</span> <span class='ocrx_word' id='word_1_209' title='bbox 226 1865 306 1890; x_wconf 89' lang='lat' dir='ltr'>non</span> <span class='ocrx_word' id='word_1_210' title='bbox 334 1860 489 1902; x_wconf 86' lang='lat' dir='ltr'>propter</span> <span class='ocrx_word' id='word_1_211' title='bbox 519 1852 647 1901; x_wconf 73' lang='lat' dir='ltr'>Syriae</span> <span class='ocrx_word' id='word_1_212' title='bbox 676 1865 859 1902; x_wconf 83' lang='lat' dir='ltr'>regnum;</span> <span class='ocrx_word' id='word_1_213' title='bbox 890 1865 979 1890; x_wconf 91' lang='lat' dir='ltr'>nam</span> <span class='ocrx_word' id='word_1_214' title='bbox 998 1853 1039 1890; x_wconf 90' lang='lat' dir='ltr'>id</span> <span class='ocrx_word' id='word_1_215' title='bbox 1062 1854 1143 1891; x_wconf 87' lang='lat' dir='ltr'>sine</span> <span class='ocrx_word' id='word_1_216' title='bbox 1169 1854 1428 1891; x_wconf 87' lang='lat' dir='ltr'>controversia</span> 
     </span>
     <span class='ocr_line' id='line_1_26' title="bbox 113 1918 1488 1967; baseline 0.001 -13"><span class='ocrx_word' id='word_1_217' title='bbox 113 1918 350 1962; x_wconf 88' lang='lat' dir='ltr'>obtinebant,</span> <span class='ocrx_word' id='word_1_218' title='bbox 371 1926 412 1955; x_wconf 91' lang='lat' dir='ltr'>ut</span> <span class='ocrx_word' id='word_1_219' title='bbox 438 1930 461 1955; x_wconf 89' lang='lat' dir='ltr'>a</span> <span class='ocrx_word' id='word_1_220' title='bbox 488 1926 594 1967; x_wconf 84' lang='lat' dir='ltr'>patre</span> <span class='ocrx_word' id='word_1_221' title='bbox 621 1926 657 1955; x_wconf 91' lang='lat' dir='ltr'>et</span> <span class='ocrx_word' id='word_1_222' title='bbox 687 1930 709 1954; x_wconf 91' lang='lat' dir='ltr'>a</span> <span class='ocrx_word' id='word_1_223' title='bbox 734 1918 941 1955; x_wconf 90' lang='lat' dir='ltr'>maioribus</span> <span class='ocrx_word' id='word_1_224' title='bbox 965 1926 1217 1967; x_wconf 88' lang='lat' dir='ltr'>acceperant:</span> <span class='ocrx_word' id='word_1_225' title='bbox 1248 1919 1316 1956; x_wconf 92' lang='lat' dir='ltr'>sed</span> <span class='ocrx_word' id='word_1_226' title='bbox 1341 1931 1427 1967; x_wconf 85' lang='lat' dir='ltr'>reg·</span> <span class='ocrx_word' id='word_1_227' title='bbox 1447 1933 1488 1956; x_wconf 90' lang='lat'>10</span> 
     </span>
     <span class='ocr_line' id='line_1_27' title="bbox 113 1983 1426 2034; baseline 0.002 -15"><span class='ocrx_word' id='word_1_228' title='bbox 113 1995 206 2020; x_wconf 89' lang='lat' dir='ltr'>num</span> <span class='ocrx_word' id='word_1_229' title='bbox 230 1983 397 2032; x_wconf 55' lang='lat' dir='ltr'>Aegypti</span> <span class='ocrx_word' id='word_1_230' title='bbox 424 1983 473 2020; x_wconf 88' lang='lat' dir='ltr'>ad</span> <span class='ocrx_word' id='word_1_231' title='bbox 507 1995 547 2020; x_wconf 92' lang='lat' dir='ltr'>se</span> <span class='ocrx_word' id='word_1_232' title='bbox 573 1990 610 2020; x_wconf 92' lang='lat' dir='ltr'>et</span> <span class='ocrx_word' id='word_1_233' title='bbox 635 1983 684 2020; x_wconf 90' lang='lat' dir='ltr'>ad</span> <span class='ocrx_word' id='word_1_234' title='bbox 715 1983 888 2028; x_wconf 89' lang='lat' dir='ltr'>Selenen,</span> <span class='ocrx_word' id='word_1_235' title='bbox 909 1991 1069 2020; x_wconf 90' lang='lat' dir='ltr'>matrem</span> <span class='ocrx_word' id='word_1_236' title='bbox 1097 1996 1218 2030; x_wconf 88' lang='lat' dir='ltr'>suam,</span> <span class='ocrx_word' id='word_1_237' title='bbox 1238 1984 1426 2034; x_wconf 86' lang='lat' dir='ltr'>pertinere</span> 
     </span>
     <span class='ocr_line' id='line_1_28' title="bbox 113 2048 1427 2099; baseline 0.002 -14"><span class='ocrx_word' id='word_1_238' title='bbox 113 2049 400 2085; x_wconf 85' lang='lat' dir='ltr'>arbitrabantur.</span> <span class='ocrx_word' id='word_1_239' title='bbox 457 2048 512 2085; x_wconf 91' lang='lat' dir='ltr'>Hi</span> <span class='ocrx_word' id='word_1_240' title='bbox 541 2049 613 2098; x_wconf 92' lang='lat' dir='ltr'>ipsi</span> <span class='ocrx_word' id='word_1_241' title='bbox 641 2056 906 2098; x_wconf 86' lang='lat' dir='ltr'>posteaquam,</span> <span class='ocrx_word' id='word_1_242' title='bbox 932 2050 1168 2098; x_wconf 87' lang='lat' dir='ltr'>temporibus</span> <span class='ocrx_word' id='word_1_243' title='bbox 1196 2051 1427 2099; x_wconf 90' lang='lat' dir='ltr'>reipublicae</span> 
     </span>
     <span class='ocr_line' id='line_1_29' title="bbox 114 2113 1428 2164; baseline 0.002 -14"><span class='ocrx_word' id='word_1_244' title='bbox 114 2113 268 2158; x_wconf 86' lang='lat' dir='ltr'>exclusi,</span> <span class='ocrx_word' id='word_1_245' title='bbox 289 2125 357 2162; x_wconf 87' lang='lat' dir='ltr'>per</span> <span class='ocrx_word' id='word_1_246' title='bbox 377 2122 551 2150; x_wconf 84' lang='lat' dir='ltr'>senatum</span> <span class='ocrx_word' id='word_1_247' title='bbox 573 2125 684 2162; x_wconf 84' lang='lat' dir='ltr'>agere</span> <span class='ocrx_word' id='word_1_248' title='bbox 706 2125 803 2162; x_wconf 88' lang='lat' dir='ltr'>quae</span> <span class='ocrx_word' id='word_1_249' title='bbox 823 2113 1019 2150; x_wconf 87' lang='lat' dir='ltr'>voluerant</span> <span class='ocrx_word' id='word_1_250' title='bbox 1047 2126 1128 2151; x_wconf 90' lang='lat' dir='ltr'>non</span> <span class='ocrx_word' id='word_1_251' title='bbox 1151 2122 1366 2164; x_wconf 86' lang='lat' dir='ltr'>potuerunt,</span> <span class='ocrx_word' id='word_1_252' title='bbox 1388 2115 1428 2152; x_wconf 88' lang='lat' dir='ltr'>in</span> 
     </span>
     <span class='ocr_line' id='line_1_30' title="bbox 116 2178 1427 2229; baseline 0.002 -14"><span class='ocrx_word' id='word_1_253' title='bbox 116 2178 263 2227; x_wconf 78' lang='lat' dir='ltr'>Syriam</span> <span class='ocrx_word' id='word_1_254' title='bbox 291 2179 331 2215; x_wconf 88' lang='lat' dir='ltr'>in</span> <span class='ocrx_word' id='word_1_255' title='bbox 357 2191 518 2227; x_wconf 83' lang='lat' dir='ltr'>regnum</span> <span class='ocrx_word' id='word_1_256' title='bbox 545 2180 710 2227; x_wconf 86' lang='lat' dir='ltr'>patrium</span> <span class='ocrx_word' id='word_1_257' title='bbox 736 2178 896 2227; x_wconf 84' lang='lat' dir='ltr'>profecti</span> <span class='ocrx_word' id='word_1_258' title='bbox 924 2186 1022 2216; x_wconf 92' lang='lat' dir='ltr'>sunt.</span> <span class='ocrx_word' id='word_1_259' title='bbox 1069 2179 1216 2217; x_wconf 86' lang='lat' dir='ltr'>Eorum</span> <span class='ocrx_word' id='word_1_260' title='bbox 1237 2180 1340 2225; x_wconf 90' lang='lat' dir='ltr'>alter,</span> <span class='ocrx_word' id='word_1_261' title='bbox 1362 2179 1427 2229; x_wconf 91' lang='lat' dir='ltr'>qui</span> 
     </span>
     <span class='ocr_line' id='line_1_31' title="bbox 114 2243 1487 2295; baseline 0.002 -15"><span class='ocrx_word' id='word_1_262' title='bbox 114 2243 330 2281; x_wconf 90' lang='lat' dir='ltr'>Antiochus</span> <span class='ocrx_word' id='word_1_263' title='bbox 356 2251 523 2289; x_wconf 82' lang='lat' dir='ltr'>vocatur,</span> <span class='ocrx_word' id='word_1_264' title='bbox 553 2244 622 2280; x_wconf 89' lang='lat' dir='ltr'>iter</span> <span class='ocrx_word' id='word_1_265' title='bbox 649 2256 718 2293; x_wconf 91' lang='lat' dir='ltr'>per</span> <span class='ocrx_word' id='word_1_266' title='bbox 748 2244 914 2281; x_wconf 87' lang='lat' dir='ltr'>Siciliam</span> <span class='ocrx_word' id='word_1_267' title='bbox 942 2244 1066 2282; x_wconf 89' lang='lat' dir='ltr'>facere</span> <span class='ocrx_word' id='word_1_268' title='bbox 1094 2245 1220 2282; x_wconf 84' lang='lat' dir='ltr'>voluit.</span> <span class='ocrx_word' id='word_1_269' title='bbox 1279 2244 1426 2294; x_wconf 84' lang='lat' dir='ltr'>Itaque,</span> <span class='ocrx_word' id='word_1_270' title='bbox 1448 2260 1487 2295; x_wconf 84' lang='lat'>¹5</span> 
     </span>
     <span class='ocr_line' id='line_1_32' title="bbox 113 2308 1429 2357; baseline 0.002 -13"><span class='ocrx_word' id='word_1_271' title='bbox 113 2308 185 2345; x_wconf 81' lang='lat' dir='ltr'>isto</span> <span class='ocrx_word' id='word_1_272' title='bbox 214 2316 399 2357; x_wconf 89' lang='lat' dir='ltr'>praetore,</span> <span class='ocrx_word' id='word_1_273' title='bbox 419 2309 520 2345; x_wconf 83' lang='lat' dir='ltr'>venit</span> <span class='ocrx_word' id='word_1_274' title='bbox 550 2308 767 2357; x_wconf 75' lang='lat' dir='ltr'>Syracusas.</span> <span class='ocrx_word' id='word_1_275' title='bbox 825 2309 901 2346; x_wconf 87' lang='lat' dir='ltr'>Hic</span> <span class='ocrx_word' id='word_1_276' title='bbox 920 2309 1060 2347; x_wconf 86' lang='lat' dir='ltr'>Verres</span> <span class='ocrx_word' id='word_1_277' title='bbox 1080 2309 1330 2347; x_wconf 87' lang='lat' dir='ltr'>hereditatem</span> <span class='ocrx_word' id='word_1_278' title='bbox 1357 2309 1429 2347; x_wconf 91' lang='lat' dir='ltr'>sibi</span> 
     </span>
     <span class='ocr_line' id='line_1_33' title="bbox 113 2373 1428 2424; baseline 0.004 -15"><span class='ocrx_word' id='word_1_279' title='bbox 113 2374 261 2412; x_wconf 88' lang='lat' dir='ltr'>venisse</span> <span class='ocrx_word' id='word_1_280' title='bbox 281 2373 480 2411; x_wconf 89' lang='lat' dir='ltr'>arbitratus</span> <span class='ocrx_word' id='word_1_281' title='bbox 500 2381 568 2420; x_wconf 88' lang='lat' dir='ltr'>est,</span> <span class='ocrx_word' id='word_1_282' title='bbox 586 2375 693 2424; x_wconf 91' lang='lat' dir='ltr'>quod</span> <span class='ocrx_word' id='word_1_283' title='bbox 710 2375 750 2411; x_wconf 92' lang='lat' dir='ltr'>in</span> <span class='ocrx_word' id='word_1_284' title='bbox 769 2374 849 2412; x_wconf 84' lang='lat' dir='ltr'>eius</span> <span class='ocrx_word' id='word_1_285' title='bbox 869 2387 1032 2424; x_wconf 86' lang='lat' dir='ltr'>regnum</span> <span class='ocrx_word' id='word_1_286' title='bbox 1052 2387 1097 2413; x_wconf 90' lang='lat' dir='ltr'>ac</span> <span class='ocrx_word' id='word_1_287' title='bbox 1115 2387 1254 2413; x_wconf 88' lang='lat' dir='ltr'>manus</span> <span class='ocrx_word' id='word_1_288' title='bbox 1274 2382 1428 2416; x_wconf 86' lang='lat' dir='ltr'>venerat</span> 
     </span>
    </p>
   </div>
  </div>
 </body>
</html>
