1587 2533
166 101 193 133 1.
394 94 569 133 ROME'S
595 102 719 133 RULE
751 102 809 133 OF
838 102 932 133 HER
964 102 1242 135 PROVINCES.
1274 144 1275 147 Ἰ
1406 106 1486 149 213

163 199 252 238 lime
271 201 390 240 teneri
409 209 546 253 potest,
567 210 608 241 ut
627 203 678 242 ita
703 215 744 242 se
763 209 898 254 gerant
918 203 956 241 in
977 204 1056 241 istis
1077 202 1255 241 Asiaticis
1276 203 1484 248 itineribus,

163 272 203 302 ut
229 266 260 303 si
287 267 356 304 iter
374 268 503 318 Appia
528 269 587 306 via
613 268 768 315 faceres,
789 281 885 306 neve
911 270 1094 306 interesse
1119 269 1330 318 quidquam
1351 275 1485 317 putent

162 337 288 368 utrum
314 332 463 370 Tralles
486 346 536 371 an
555 333 729 370 Formias
748 333 930 370 venerint.
987 334 1046 371 Ac
1067 334 1097 370 si
1118 334 1203 382 quis
1224 339 1280 370 est
1301 345 1347 370 ex
1369 334 1483 370 servis

83 408 143 440 ¹90
161 397 314 445 egregie
335 397 466 444 fidelis,
488 399 534 436 sit
562 399 602 435 in
631 398 852 436 domesticis
882 399 995 436 rebus
1024 405 1062 436 et
1090 398 1270 448 privatis:
1301 410 1399 447 quae
1423 410 1483 436 res

160 462 209 499 ad
229 462 396 500 officium
416 464 564 513 imperii
590 464 643 501 tui
663 470 776 513 atque
797 463 847 501 ad
873 464 1040 513 aliquam
1063 470 1211 513 partem
1234 464 1286 501 rei
1307 464 1482 513 publicae

159 527 415 577 pertinebunt,
445 529 493 566 de
530 529 588 567 his
625 529 739 566 rebus
778 541 828 566 ne
858 529 950 578 quid
984 530 1155 578 attingat.
1214 528 1338 566 Multa
1366 529 1480 574 enim,

159 604 257 642 quae
278 600 380 631 recte
401 594 590 632 committi
610 594 726 631 servis
747 593 923 632 fidelibus
944 601 1119 644 possunt,
1140 600 1269 632 tamen
1291 595 1481 632 sermonis

159 663 197 695 et
216 658 500 708 vituperationis
519 659 696 696 vitandae
717 671 832 697 causa
848 660 1125 697 committenda
1144 671 1224 696 non
1246 667 1345 698 sunt.
1404 659 1481 697 Sed

79 737 137 771 195
158 723 291 760 nescio
311 736 388 773 quo
409 731 523 774 pacto
544 724 593 762 ad
613 724 874 774 praecipiendi
893 724 1082 761 rationem
1103 724 1260 773 delapsa
1281 731 1337 762 est
1357 725 1480 762 oratio

157 799 255 835 mea,
285 800 403 838 quum
441 789 480 826 id
513 789 606 827 mihi
642 789 885 839 propositum
923 789 1032 826 initio
1061 801 1142 826 non
1171 789 1313 826 fuisset.
1375 788 1480 835 Quid

156 855 260 892 enim
290 855 323 892 ei
352 855 594 904 praecipiam,
624 867 739 904 quem
773 866 847 904 ego
885 854 924 892 in
962 854 1037 892 hoc
1075 855 1298 904 praesertim
1337 867 1479 903 genere

155 919 363 969 intelligam
382 920 584 970 prudentia
604 932 683 958 non
710 932 794 958 esse
820 920 1039 958 inferiorem
1059 931 1175 969 quam
1202 931 1276 965 me,
1296 931 1368 957 usu
1387 931 1478 958 vero

155 984 270 1022 etiam
290 985 550 1034 superiorem?
602 984 680 1024 Sed
700 992 830 1023 tamen
851 985 881 1023 si
903 985 952 1023 ad
971 997 1026 1031 ea,
1049 997 1147 1035 quae
1168 984 1322 1031 faceres,
1346 992 1477 1022 aucto-

66 1068 136 1092 n200
153 1050 243 1088 ritas
272 1050 470 1088 accederet
506 1063 606 1097 mea,
643 1050 710 1089 tibi
748 1051 819 1101 ipsi
856 1051 918 1088 illa
954 1051 1081 1101 putavi
1119 1050 1200 1088 fore
1238 1051 1475 1088 iucundiora.

154 1115 284 1162 Quare
304 1115 379 1154 sint
398 1116 470 1154 hac
490 1116 741 1155 fundamenta
761 1116 955 1166 dignitatis
975 1124 1085 1155 tuae:
1116 1123 1181 1154 tua
1196 1117 1362 1166 primum
1378 1117 1475 1154 inte-

153 1181 268 1230 gritas
293 1187 330 1219 et
353 1182 598 1228 continentia,
619 1182 758 1220 deinde
784 1182 959 1220 omnium
986 1182 1050 1232 qui
1073 1188 1201 1219 tecum
1226 1188 1313 1219 sunt
1337 1181 1473 1231 pudor,

154 1246 323 1285 delectus
364 1247 404 1285 in
445 1247 758 1285 familiaritatibus
795 1254 833 1285 et
871 1247 1161 1297 provincialium
1200 1246 1403 1284 hominum
1437 1253 1475 1284 et

152 1310 391 1350 Graecorum
411 1319 614 1362 percautus
634 1319 671 1350 et
692 1313 862 1362 diligens,
884 1312 1047 1350 familiae
1074 1313 1199 1362 gravis
1228 1318 1263 1350 et
1290 1319 1472 1350 constans

70 1389 130 1422 ²05
149 1377 358 1427 disciplina.
417 1378 529 1425 Quae
556 1390 675 1427 quum
701 1378 863 1415 honesta
894 1378 968 1415 sint
996 1378 1035 1415 in
1061 1377 1120 1415 his
1148 1377 1302 1427 privatis
1331 1378 1473 1415 nostris

148 1443 456 1493 quotidianisque
485 1443 705 1484 rationibus,
737 1443 776 1480 in
809 1448 916 1480 tanto
945 1443 1117 1492 imperio,
1148 1449 1226 1480 tam
1256 1442 1471 1492 depravatis

146 1509 330 1553 moribus,
350 1514 430 1546 tam
460 1508 692 1558 corruptrice
715 1508 912 1557 provincia
936 1508 1064 1546 divina
1087 1508 1286 1546 videantur
1309 1520 1469 1546 necesse

147 1580 214 1612 est.
271 1573 383 1612 Haec
412 1574 597 1612 institutio
627 1580 740 1623 atque
770 1573 864 1611 haec
894 1573 1093 1623 disciplina
1121 1579 1249 1623 potest
1284 1574 1469 1612 sustinere

146 1639 185 1676 in
205 1640 318 1677 rebus
347 1639 557 1677 statuendis
587 1645 624 1677 et
653 1639 904 1677 decernendis
932 1651 1018 1676 eam
1047 1639 1296 1685 severitatem,
1324 1651 1400 1688 qua
1428 1645 1468 1676 tu

66 1720 129 1744 210
145 1705 185 1742 in
214 1705 258 1743 iis
295 1706 409 1743 rebus
438 1717 530 1742 usus
568 1717 621 1750 es,
651 1717 696 1742 ex
729 1705 866 1754 quibus
900 1704 1103 1742 nonnullas
1134 1704 1343 1742 simultates
1377 1716 1466 1742 cum

143 1779 287 1820 magna
312 1782 399 1808 mea
417 1769 555 1807 laetitia
575 1776 772 1819 susceptas
799 1758 1008 1807 habemus:
1040 1769 1111 1806 nisi
1137 1769 1234 1806 forte
1261 1782 1323 1807 me
1344 1769 1466 1808 Paco-

143 1836 195 1873 nii
223 1835 354 1874 nescio
388 1835 506 1882 cuius,
535 1835 701 1872 hominis
740 1847 788 1872 ne
819 1834 957 1872 Graeci
990 1834 1147 1883 quidem
1187 1846 1232 1872 ac
1262 1833 1363 1883 Mysi
1402 1843 1465 1872 aut

142 1900 304 1951 Phrygis
324 1901 461 1950 potius,
483 1900 645 1951 querelis
675 1900 820 1937 moveri
846 1905 968 1948 putas,
990 1905 1055 1936 aut
1082 1898 1275 1945 Tuscenii,
1296 1899 1463 1938 hominis

141 1966 273 2004 furiosi
293 1979 338 2004 ac
365 1966 519 2012 sordidi,
540 1966 708 2007 vocibus,
732 1966 838 2003 cuius
869 1972 909 2002 tu
930 1977 977 2001 ex
998 1964 1266 2015 impurissimis
1286 1964 1462 2003 faucibus

60 2045 120 2078 2¹5
140 2031 488 2071 inhonestissimam
507 2032 755 2081 cupiditatem
775 2031 941 2080 eripuisti
962 2042 1113 2067 summa
1133 2042 1221 2068 cum
1241 2030 1441 2080 aequitate.

194 2106 229 2146 7.
260 2097 371 2135 Haec
400 2102 437 2134 et
462 2104 612 2134 caetera
640 2096 755 2146 plena
779 2096 996 2140 severitatis,
1022 2107 1121 2144 quae
1142 2096 1304 2133 statuisti
1323 2096 1363 2133 in
1389 2097 1461 2134 ista

137 2163 343 2214 provincia,
373 2173 453 2200 non
481 2162 590 2199 facile
620 2162 701 2199 sine
732 2173 883 2198 summa
911 2161 1125 2210 integritate
1160 2162 1459 2201 sustineremus:

137 2240 254 2278 quare
284 2227 330 2266 sit
359 2239 511 2266 summa
529 2227 569 2264 in
596 2227 675 2264 iure
697 2226 866 2264 dicundo
888 2228 1077 2272 severitas,
1100 2227 1314 2265 dummodo
1339 2239 1385 2265 ea
1410 2240 1458 2266 ne

137 2294 298 2332 varietur
318 2293 448 2343 gratia,
471 2292 538 2330 sed
558 2298 804 2329 conservetur
825 2291 1043 2340 aequabilis.
1104 2291 1181 2329 Sed
1205 2298 1333 2329 tamen
1354 2293 1457 2341 parvi

46 2373 116 2395 ¹220
134 2359 246 2398 refert
263 2359 331 2398 abs
351 2365 388 2397 te
408 2359 493 2409 ipso
522 2358 580 2396 ius
601 2357 675 2395 dici
701 2357 946 2405 aequabiliter
966 2364 1003 2395 et
1030 2357 1240 2407 diligenter,
1262 2358 1333 2396 nisi
1355 2358 1457 2397 idem
