1587 2533
117 128 197 180 238
464 130 711 162 EXTRACTS
738 130 874 162 FROM
902 131 1082 162 CICERO.
1294 133 1372 164 sect.
1390 131 1430 164 V.

115 233 234 271 modo
254 232 294 270 in
313 244 400 270 aere
420 232 544 269 alieno
564 230 681 275 nullo,
701 230 769 267 sed
789 230 827 267 in
852 231 928 268 suis
948 230 1116 267 nummis
1135 230 1263 267 multis
1283 243 1366 268 esse
1386 242 1431 267 ac

117 310 267 347 semper
292 297 428 342 fuisse;
458 297 488 334 si
517 296 611 332 haec
641 302 773 332 contra
801 308 845 333 ac
875 295 962 333 dico
989 302 1116 332 essent
1141 295 1282 339 omnia,
1304 302 1431 332 tamen

115 363 221 400 illum
246 362 352 406 haec,
379 373 476 410 quae
505 368 561 398 tot
589 372 712 397 annos
740 361 780 397 in
808 360 948 397 familia
976 360 1217 408 sacrarioque
1246 360 1433 396 maiorum

117 428 285 472 fuissent,
305 426 546 463 venditurum
566 437 645 462 non
666 425 792 462 fuisse.
849 425 967 471 Quid,
985 425 1015 461 si
1034 424 1297 477 magnitudine
1317 436 1433 472 pecu-

116 493 203 529 niae
229 503 453 540 persuasum
481 497 537 528 est
563 491 622 527 ei?
655 491 853 527 verisimile
880 502 961 527 non
988 496 1056 534 est,
1076 496 1118 526 ut
1138 490 1197 526 ille
1217 489 1336 526 homo
1356 495 1434 525 tarn

116 556 298 605 locuples,
320 562 396 592 tam
421 555 617 600 honestus,
638 555 812 603 religioni
840 567 931 592 suae
958 555 1295 603 monumentisque
1316 553 1436 590 maio-

116 633 201 658 rum
229 620 432 670 pecuniam
459 626 718 667 anteponeret.
777 618 872 656 Sunt
898 619 989 656 ista:
1022 626 1287 655 verumtamen
1316 617 1434 654 abdu-

118 692 253 723 cuntur
273 685 448 722 homines
468 696 761 733 nonnumquam
781 684 896 720 etiam
916 684 964 720 ab
992 683 1170 720 institutis
1191 683 1268 720 suis
1288 682 1435 730 magni-

117 751 247 788 tudine
268 749 464 798 pecuniae.
522 748 744 793 Videamus,
762 755 904 796 quanta
923 748 994 785 ista
1014 748 1176 796 pecunia
1196 746 1317 792 suerit,
1338 757 1437 795 quae

119 815 285 865 potuerit
310 813 466 858 Heium,
486 813 684 850 hominem
710 813 876 850 maxime
904 812 1145 862 locupletem,
1166 812 1322 849 minime
1351 823 1439 849 ava-

118 893 214 926 rum,
247 880 295 916 ab
329 879 573 923 humanitate,
607 890 629 914 a
662 878 812 926 pietate,
847 890 869 914 a
902 878 1084 925 religione
1124 877 1324 914 deducere.
1378 876 1439 913 Ita

120 945 269 990 iussisti,
291 945 438 992 opinor,
459 944 586 992 ipsum
615 943 654 979 in
684 943 830 979 tabulas
859 942 1018 979 referre:
1048 954 1148 980 HAEC
1178 954 1300 980 ommis.
1328 953 1437 979 sloxA

121 1021 342 1053 PRAXITEU,
383 1020 559 1052 MYRONIS,
596 1019 818 1052 POLYCLETI,
854 1019 900 1044 Hs
933 1019 981 1043 vr.
1023 1018 1132 1044 MILL.
1168 1019 1216 1044 ET
1249 1017 1285 1044 19
1323 1018 1440 1043 VERRI

120 1087 287 1112 vmmTA
315 1086 423 1111 stxr.
481 1073 616 1110 Recita
642 1085 689 1109 ex
715 1072 862 1109 tabulis.
920 1071 1030 1108 Iuvat
1049 1084 1110 1108 me
1131 1071 1226 1108 haec
1246 1071 1441 1120 praeclara

120 1140 279 1176 nomina
299 1139 494 1182 artificum,
517 1150 614 1187 quae
635 1137 694 1173 isti
714 1137 763 1174 ad
783 1136 931 1173 caelum
951 1136 1087 1182 ferunt,
1106 1136 1237 1174 Verris
1264 1137 1441 1174 aestima-

119 1205 223 1242 tione
251 1204 306 1241 sic
333 1203 560 1240 concidisse.
617 1201 849 1250 Cupidinem
870 1201 1067 1239 Praxitelis
1087 1213 1133 1239 Hs
1153 1202 1292 1240 c1:›1·:›c1
1348 1200 1441 1238 Pro-

120 1269 222 1307 fecto
241 1269 330 1306 hinc
351 1275 484 1304 natum
505 1274 582 1304 est:
612 1269 621 1285 ‘
636 1266 743 1303 Malo
766 1259 903 1311 emere,
924 1278 1040 1315 quam
1064 1266 1225 1315 rogare.'

178 1335 213 1370 6.
242 1333 354 1370 Dicet
393 1332 549 1381 aliquis:
590 1330 743 1376 ‘Quid?
785 1336 827 1367 tu
860 1331 930 1368 ista
967 1343 1181 1380 permagno
1220 1328 1441 1368 aestimas?’

119 1398 207 1447 Ego
227 1410 317 1435 vero
344 1397 393 1434 ad
419 1409 546 1433 meam
572 1397 759 1433 rationem
785 1408 974 1445 usumque
1000 1408 1131 1432 meum
1157 1408 1239 1433 non
1259 1396 1442 1433 aestimo:

121 1470 384 1500 verumtamen
417 1474 440 1498 a
472 1462 580 1498 vobis
614 1462 665 1498 ita
698 1460 856 1498 arbitror
894 1461 1055 1509 spectari
1088 1468 1276 1509 oportere,
1311 1460 1443 1510 quanti

122 1528 217 1565 haec
250 1539 382 1564 eorum
415 1527 567 1571 iudicio,
598 1527 663 1574 qui
692 1525 852 1562 studiosi
881 1532 970 1562 sunt
998 1524 1134 1561 harum
1162 1538 1300 1570 rerum,
1331 1525 1443 1562 aesti-

122 1600 275 1630 mentm·
286 1604 296 1638 3
332 1592 463 1640 quanti
491 1591 619 1628 venire
649 1591 797 1627 soleant
808 1603 818 1636 ,·
854 1590 985 1639 quanti
1015 1589 1110 1627 haec
1139 1590 1232 1639 ipsa,
1255 1591 1286 1627 si
1315 1590 1442 1638 palam

124 1658 316 1705 libereque
353 1657 536 1700 venirent,
574 1656 699 1692 venire
739 1662 919 1703 possent;
968 1655 1134 1703 denique
1177 1656 1260 1704 ipse
1302 1654 1443 1692 Verres

125 1723 257 1771 quanti
277 1722 461 1758 aestimet.
518 1719 742 1768 Numquam
770 1719 883 1764 enim,
904 1720 934 1756 si
962 1720 1126 1757 denariis
1154 1720 1444 1769 quadringentis

126 1787 357 1835 Cupidinem
391 1785 495 1822 illum
528 1791 708 1833 putasset,
740 1785 1006 1829 commisisset,
1035 1792 1077 1821 ut
1104 1792 1260 1834 propter
1288 1797 1377 1821 eum
1405 1784 1445 1821 in

127 1863 346 1889 sermonem
367 1850 567 1887 hominum
587 1857 700 1898 atque
726 1850 765 1885 in
785 1857 928 1886 tantam
951 1850 1270 1898 vituperationem
1289 1850 1443 1886 veniret.

129 1916 227 1962 Quis
261 1923 427 1952 vestrum
460 1916 573 1964 igitur
605 1914 736 1959 nescit,
771 1915 903 1963 quanti
936 1914 1031 1951 haec
1069 1915 1342 1952 aestimentur?
1397 1914 1445 1951 In

130 1981 306 2018 auctione
328 1980 480 2028 signum
500 1991 662 2016 aeneum
683 1991 763 2015 non
789 1990 975 2028 magnum
995 1991 1042 2016 Hs
1065 1991 1114 2016 xl.
1133 1979 1299 2016 millibus
1319 1979 1446 2016 venire

128 2057 209 2083 non
228 2045 413 2082 xidimus?
464 2043 579 2089 Quid,
602 2044 632 2080 si
651 2043 763 2079 velim
783 2043 981 2080 nominare
1001 2043 1189 2088 homines,
1203 2044 1268 2092 qui
1283 2050 1346 2080 aut
1365 2055 1446 2080 non

129 2110 288 2148 minoris
314 2116 378 2146 aut
397 2109 511 2145 etiam
537 2108 652 2156 pluris
680 2107 864 2144 emerint?
883 2119 1038 2164 nonne
1044 2109 1236 2163 possum?
1291 2108 1446 2145 Etenim

130 2176 194 2225 qui
213 2174 352 2211 modus
372 2180 429 2209 est
449 2174 487 2209 in
508 2173 565 2209 his
587 2173 698 2209 rebus
720 2172 946 2220 cupiditatis,
963 2172 1066 2209 idem
1087 2179 1144 2209 est
1159 2173 1444 2210 aestimationis.

1453 309 1515 330 110

1456 631 1514 662 1¹5

1458 953 1520 976 120

1461 1277 1520 1310 ¹²5

1464 1605 1525 1636 130

1466 1931 1525 1963 ¹35

130 2240 292 2278 Difficile
319 2245 377 2275 est
401 2239 503 2274 enim
524 2238 639 2274 finem
661 2237 784 2274 ficere
811 2237 944 2286 pretio,
966 2237 997 2274 si
1025 2249 1104 2274 non
1129 2237 1274 2274 libidini
1298 2237 1528 2286 feceris.140

132 2305 259 2342 Video
280 2304 392 2352 igitur
412 2302 556 2339 Heium
576 2314 700 2350 neque
721 2302 911 2338 voluntate
931 2314 1056 2351 neque
1084 2302 1300 2339 difficultate
1321 2302 1446 2352 aliqua

130 2369 315 2418 temporis
353 2379 478 2416 neque
515 2367 778 2415 magnitudine
811 2367 997 2415 pecuniae
1031 2366 1243 2404 adductum
1280 2378 1376 2414 esse,
1405 2372 1447 2404 ut
