1587 2533
162 136 208 168 11.
231 144 262 168 ῐ.
398 125 576 167 ROME’S
604 136 726 168 RULE
759 135 817 166 OF
845 135 942 166 HER
972 134 1249 166 PROVINCES.
1406 134 1487 179 223

159 234 470 284 diligentissimus
497 236 559 282 sis,
580 242 622 273 ut
647 235 709 273 hic
735 235 866 272 tertius
893 246 1016 272 annus
1040 233 1190 283 imperii
1208 232 1262 270 tui
1286 238 1483 281 tamquam

158 301 289 338 tertius
310 307 418 338 actus
438 301 735 351 perfectissimus
756 307 869 350 atque
886 299 1149 337 ornatissimus
1170 298 1285 335 fuisse
1300 296 1480 334 videatur.

156 364 205 402 Id
230 365 408 403 facillime
428 366 556 412 facies,
578 366 608 403 si
637 377 711 412 me,
733 365 794 402 cui
824 377 976 414 semper
1005 364 1071 401 uni
1099 363 1223 412 magis
1253 375 1370 412 quam
1395 361 1480 399 uni-

72 438 137 472 530
155 431 271 468 versis
290 431 440 480 placere
460 431 620 477 voluisti,
642 437 770 468 tecum
791 443 942 479 semper
962 442 1046 468 esse
1070 429 1221 480 putabis
1241 434 1278 466 et
1298 428 1480 465 omnibus

153 496 197 534 iis
226 496 352 543 rebus,
383 508 478 547 quas
508 497 611 534 dices
642 502 678 534 et
707 495 833 542 facies,
865 496 1059 533 interesse.
1117 494 1325 543 Reliquum
1354 498 1410 530 est
1438 498 1479 530 ut

151 567 189 598 te
212 572 320 598 orem
348 568 389 599 ut
418 561 623 599 valetudini
646 567 745 606 tuae,
769 562 799 598 si
828 573 890 598 me
921 567 958 599 et
981 567 1066 599 tuos
1091 572 1227 598 omnes
1256 558 1379 597 valere
1409 558 1474 606 vis,

90 672 94 680 ³
152 626 439 676 diligentissime
459 626 612 666 servias.
667 625 775 664 Vale.

360 930 410 964 11.
443 929 573 963 SOME
605 928 878 962 SPECIMENS
909 929 971 961 OF
1002 927 1254 963 PRACTICE.

281 1048 315 1083 1.
348 1044 388 1082 T
381 1046 424 1083 [ιε
446 1044 590 1084 Claims
609 1045 657 1094 (ff
666 1045 723 1083 the
741 1044 926 1082 Provz‘nce
944 1044 993 1095 (γ’
1001 1042 1119 1092 Sicily
1138 1056 1182 1080 on
1201 1042 1328 1082 Rome.

193 1147 432 1199 Antequam*
456 1149 504 1188 de
542 1149 800 1187 incommodis
841 1148 988 1186 Siciliae
1031 1147 1169 1194 dicam,
1207 1158 1331 1197 pauca
1373 1147 1466 1185 mihi

138 1214 313 1253 videntur
342 1228 426 1254 esse
455 1216 502 1253 de
532 1216 750 1265 provinciae
781 1215 975 1265 dignitate,
1002 1220 1200 1259 vetustate,
1221 1213 1378 1251 utilitate
1409 1213 1465 1251 di-

137 1280 272 1318 cenda.
342 1280 446 1318 Nam
483 1293 602 1331 quum
646 1281 820 1319 omnium
865 1281 1060 1318 sociorum
1102 1279 1463 1328 provinciarumque

135 1345 325 1383 rationem
359 1346 559 1395 diligenter
592 1346 734 1384 habere
764 1346 921 1392 debetis,
952 1351 1034 1383 tum
1062 1344 1265 1394 praecipue
1301 1343 1461 1392 Siciliae,

96 1422 115 1454 5
135 1410 288 1457 iudices,
323 1411 495 1460 plurimis
533 1411 825 1463 iustissimisque
864 1411 912 1449 de
950 1411 1096 1449 causis:
1139 1410 1317 1459 primum,
1353 1411 1462 1465 quod

133 1475 307 1514 omnium
341 1477 543 1514 nationum
577 1483 790 1514 exterarum
825 1477 1005 1526 princeps
1042 1475 1170 1514 Sicilia
1204 1488 1245 1514 se
1279 1475 1328 1513 ad
1366 1477 1459 1514 ami-

132 1541 260 1579 citiam
288 1541 482 1592 fidemque
511 1542 645 1592 populi
675 1542 846 1579 Romani
875 1542 1078 1591 applicuit:
1118 1542 1241 1591 prima
1270 1543 1457 1591 omnium,

131 1606 172 1644 id
205 1606 310 1657 quod
338 1614 610 1645 ornamentum
643 1608 793 1658 imperii
827 1614 893 1654 est,
924 1608 1119 1657 provincia
1153 1613 1209 1645 est
1243 1608 1456 1657 appellata:

131 1671 255 1720 prima
280 1671 410 1710 docuit
435 1673 600 1711 maiores
627 1680 792 1719 nostros,
815 1685 931 1722 quam
957 1673 1195 1722 praeclarum
1221 1679 1331 1720 esset,
1353 1680 1456 1712 exte-

70 1752 112 1777 ιο
129 1737 179 1774 ris
198 1738 378 1786 gentibus
399 1738 608 1788 imperare:
640 1739 722 1776 sola
742 1738 811 1776 fuit
832 1750 877 1776 ea
897 1738 1342 1788 fidebenevolentiaque
1363 1751 1455 1789 erga

127 1803 316 1853 populum
343 1803 577 1847 Romanum,
598 1810 640 1841 ut
666 1804 836 1842 civitates
862 1804 943 1841 eius
970 1803 1126 1850 insulae,
1149 1816 1248 1853 quae
1268 1804 1385 1842 semel
1411 1805 1453 1843 in

127 1868 334 1906 amicitiam
366 1876 539 1907 nostram
572 1869 776 1915 venissent,
809 1881 1023 1918 numquam
1057 1876 1194 1918 postea
1232 1869 1451 1918 deficerent,

124 1933 328 1984 pleraeque
361 1941 489 1972 autem
522 1941 560 1972 et
591 1935 759 1972 maxime
793 1935 953 1972 illustres
988 1934 1027 1971 in
1061 1934 1227 1972 amicitia
1263 1942 1450 1985 perpetuo

122 2004 334 2041 manerent.
407 1998 542 2049 Itaque
580 2000 788 2038 maioribus
828 2000 967 2037 nostris
1004 2000 1044 2036 in
1081 1999 1252 2037 Africam
1290 2013 1337 2039 ex
1375 2001 1448 2041 hac

63 2082 102 2117 15
122 2064 320 2112 provincia
345 2064 488 2113 gradus
514 2065 664 2114 imperii
685 2064 807 2102 factus
832 2071 898 2102 est.
958 2064 1096 2115 Neque
1117 2066 1220 2103 enim
1240 2072 1318 2103 tam
1338 2066 1448 2105 facile

121 2140 215 2178 opes
247 2128 498 2179 Karthaginis
527 2136 655 2168 tantae
685 2130 953 2177 concidissent,
984 2131 1058 2168 nisi
1091 2130 1184 2169 illud
1217 2137 1254 2169 et
1285 2132 1339 2169 rei
1369 2131 1447 2170 fru-

121 2195 329 2232 mentariae
359 2195 571 2233 subsidium
600 2203 637 2234 et
665 2197 949 2246 receptaculum
979 2197 1163 2236 classibus
1196 2200 1336 2238 nostris
1364 2208 1449 2250 pat·

121 2265 210 2296 eret.
243 2258 374 2306 Quare
393 2259 434 2299 P.
451 2261 664 2308 Africanus,
683 2261 921 2311 Karthagine
942 2262 1075 2310 deleta,
1098 2264 1314 2305 Siculorum
1333 2271 1446 2311 urbes

120 2324 241 2373 signis
267 2326 604 2376 monumentisque
630 2327 893 2377 pulcherrimis
920 2330 1135 2370 exornavit:
1165 2339 1216 2380 ut,
1242 2347 1340 2384 quos
1369 2339 1446 2380 vic.

61 2403 102 2427 20
120 2390 215 2428 toria
242 2392 375 2441 populi
402 2392 572 2433 Romani
600 2397 767 2434 maxime
796 2396 926 2435 laetari
954 2399 1216 2453 arbitrabatur,
1244 2406 1348 2455 apud
1377 2421 1445 2450 eos

744 2476 767 2501 R
791 2477 810 2500 2
