1587 2533
481 570 900 619 SECTION
971 572 1031 619 V.

182 749 411 792 ROME'S
454 751 628 794 RULE
671 752 752 794 OF
795 753 930 794 HER
974 750 1344 794 PROVINCES.

249 898 277 931 1.
339 900 408 930 AN
441 900 592 933 IDEAL
623 900 685 933 OF
717 903 747 934 A
782 901 960 934 ROMAN
994 902 1272 934 GOVERNOR.

104 1062 262 1103 Cicero's
277 1064 399 1102 Letler
412 1071 446 1102 lo
459 1066 520 1103 his
535 1065 678 1103 brother
697 1066 857 1113 Quintus
871 1080 914 1104 on
926 1068 985 1104 his
997 1067 1110 1104 dulz'es
1122 1080 1165 1104 as
1179 1065 1422 1115 Pro-praetor

681 1161 730 1210 of
738 1160 844 1199 Asia.

485 1307 685 1339 MARCUS
716 1307 759 1348 Q.
793 1307 978 1339 FRATRI
1011 1306 1047 1339 s.

161 1423 193 1448 1.
222 1409 317 1448 Em
344 1423 425 1449 non
453 1412 675 1462 dubitabam
697 1413 789 1462 quin
815 1411 914 1449 hane
939 1411 1140 1461 epistolam
1162 1410 1269 1447 multi
1290 1410 1423 1454 nuntii,

101 1476 206 1514 fama
225 1475 391 1525 denique
411 1484 512 1514 esset
531 1477 615 1526 ipsa
641 1489 709 1515 sua
729 1477 919 1515 celeritate
945 1484 1178 1526 superatura,
1199 1483 1315 1525 tuque
1337 1482 1424 1512 ante

103 1542 153 1578 ab
181 1541 262 1593 aliis
288 1541 483 1579 auditurus
510 1554 615 1580 esses
645 1554 790 1579 annum
814 1543 965 1579 tertium
994 1542 1204 1580 accessisse
1236 1541 1425 1579 desiderio

102 1612 235 1644 nostro
269 1613 306 1644 et
337 1606 459 1644 labori
493 1613 570 1652 tuo,
602 1614 730 1645 tamen
764 1607 976 1645 existimavi
1010 1619 1033 1644 a
1071 1619 1133 1644 me
1168 1619 1324 1656 quoque
1357 1607 1426 1643 tibi

66 1691 84 1722 5
102 1671 215 1709 huius
227 1671 424 1709 molestiae
440 1672 618 1709 nuntium
634 1672 790 1721 perferri
807 1679 996 1721 oportere.
1047 1671 1150 1708 Nam
1167 1672 1426 1721 superioribus

102 1736 233 1774 litteris
258 1748 339 1774 non
365 1737 461 1783 unis,
483 1737 551 1774 sed
578 1737 761 1786 pluribus,
783 1750 903 1787 quum
932 1730 1008 1774 iam
1036 1738 1084 1774 ab
1113 1738 1194 1775 aliis
1225 1737 1427 1786 desperata

101 1813 162 1838 res
195 1807 307 1847 esset,
337 1807 466 1838 tamen
498 1801 566 1838 tibi
599 1814 674 1851 ego
709 1814 817 1851 spem
848 1808 1020 1839 maturae
1051 1802 1288 1839 decessionis
1322 1801 1427 1839 adfe-

101 1867 245 1911 rebam,
267 1877 359 1903 nonr
377 1865 502 1903 solum
531 1873 572 1903 ut
595 1878 712 1915 quam
744 1867 955 1904 diutissime
983 1874 1019 1903 te
1049 1867 1217 1904 iucunda
1243 1867 1426 1915 opinione

101 1931 346 1976 oblectarem,
367 1931 435 1968 sed
461 1931 574 1968 etiam
597 1931 686 1980 quia
706 1938 811 1968 tanta
837 1931 1090 1969 adhibebatur
1109 1938 1146 1968 et
1172 1944 1195 1968 a
1214 1932 1327 1968 nobis
1348 1939 1385 1969 et
1405 1945 1427 1969 a

44 2014 84 2038 10
101 1996 342 2046 praetoribus
368 1996 578 2042 contentio,
601 2003 642 2033 ut
669 2008 749 2033 rem
779 2008 895 2045 posse
923 1996 1063 2033 confici
1093 2008 1173 2033 non
1203 1996 1424 2034 diffiderem.

102 2060 218 2099 Nunc
247 2061 431 2110 quoniam
459 2060 512 2098 ita
540 2061 688 2106 accidit,
717 2068 758 2097 ut
787 2073 914 2110 neque
950 2068 1146 2110 praetores
1180 2062 1258 2099 suis
1288 2062 1426 2111 opibus

101 2138 228 2176 neque
256 2138 329 2164 nos
358 2133 491 2164 nostro
520 2126 646 2164 studio
676 2126 886 2176 quidquam
918 2126 1104 2175 proficere
1134 2138 1347 2176 possemus,
1368 2135 1426 2166 est

101 2193 262 2230 omnino
284 2191 434 2230 difficile
453 2203 534 2230 non
555 2192 716 2240 graviter
736 2192 775 2229 id
795 2191 903 2237 serre,
925 2192 993 2229 sed
1013 2199 1142 2229 tamen
1169 2200 1323 2231 nostros
1344 2194 1425 2231 ani-

101 2269 188 2296 mos
207 2258 386 2295 maximis
411 2257 450 2295 in
476 2257 591 2294 rebus
618 2267 654 2294 et
680 2257 860 2306 gerendis
880 2264 917 2295 et
944 2258 1176 2295 sustinendis
1196 2258 1425 2297 exercitatos

44 2338 82 2371 15
101 2322 225 2373 frangi
258 2331 296 2360 et
330 2322 515 2361 debilitari
548 2322 725 2360 molestia
757 2334 838 2359 non
867 2328 1028 2371 oportet.
1086 2321 1136 2360 Et
1165 2323 1347 2372 quoniam
1377 2336 1424 2361 ea

101 2388 370 2428 molestissime
389 2387 485 2426 ferre
504 2386 682 2426 homines
704 2387 857 2433 debent,
878 2399 977 2438 quae
1002 2387 1176 2438 ipsorum
1197 2387 1310 2438 culpa
1329 2400 1423 2427 con-

728 2461 795 2496 Q2
