1587 2533
137 126 214 157 sect.
232 124 290 156 111.
589 110 784 151 SCJPJO'S
814 121 936 150 DREA
943 121 993 150 M.
1375 125 1391 152 1
1399 126 1422 167 3
1427 122 1453 166 5

57 230 114 262 ¹45
135 222 282 267 accolit,
303 228 459 271 propter
478 220 782 270 magnitudinem
810 219 956 257 sonitus
984 232 1100 257 sensu
1127 220 1307 257 audiendi
1338 227 1450 257 caret.

135 287 212 324 Hic
241 299 328 324 vero
359 292 486 324 tantus
515 292 571 323 est
601 285 715 322 totius
744 285 877 322 mundi
907 285 1168 322 incitatissima
1202 285 1450 322 conversione

135 351 294 396 sonitus,
315 358 355 388 ut
385 363 472 387 eum
503 362 611 386 aures
641 348 842 386 hominum
873 361 1007 398 capere
1041 361 1123 386 non
1157 351 1316 398 possint,
1353 350 1450 387 sicut

131 416 267 453 intueri
295 416 416 453 solem
444 415 645 452 adversum
672 414 846 463 nequitis,
879 415 1036 464 eiusque
1062 415 1176 452 radiis
1201 415 1303 452 acies
1327 421 1450 451 vestra

132 493 345 530 sensusque
374 478 556 517 vincitur.’
615 479 726 516 Haec
755 491 829 527 ego
859 480 1065 525 admirans,
1085 479 1298 518 referebam
1319 486 1446 516 tamen

54 560 113 591 ¹50
131 546 265 583 oculos
286 546 335 583 ad
354 552 492 583 terram
514 544 746 582 idemtidem.

183 615 250 648 10.
281 610 385 647 Tum
399 609 613 654 Africanus,
634 611 643 628 ⁶
658 607 813 653 Sentio‚'
827 609 959 658 inquit,
977 612 1036 646 ‘te
1058 608 1189 646 sedem
1210 610 1323 646 etiam
1344 621 1446 646 nunc

129 674 331 712 hominum
365 687 410 711 ac
440 674 598 711 domum
633 674 904 722 contemplari:
947 686 1044 723 quae.
1080 675 1110 712 si
1143 675 1209 711 tibi
1244 687 1370 724 parva,
1406 681 1447 711 ut

129 745 197 784 est,
217 739 269 776 ita
288 740 456 784 videtur;
487 739 582 775 haec
612 739 788 775 caelestia
815 751 966 787 semper
993 746 1174 787 spectato,
1196 740 1257 776 illa
1278 739 1446 776 humana

129 805 378 841 contemnito.
436 803 501 840 Tu
530 803 633 840 enim
663 815 779 851 quam
810 803 1068 841 celebritatem
1100 805 1287 842 sermonis
1324 805 1447 842 homi-

51 885 106 917 155
128 881 231 914 num,
254 876 318 906 aut
337 881 453 918 quam
475 868 730 917 expetendam
750 868 913 916 gloriam
934 870 1118 918 consequi
1140 870 1276 918 potes?
1324 870 1446 908 Vides

127 933 286 971 habitari
318 934 357 970 in
390 940 488 970 terra
522 934 613 970 raris
647 941 684 970 et
718 934 889 982 angustis
922 934 1029 980 locis,
1060 941 1096 971 et
1134 935 1173 972 in
1209 935 1302 984 ipsis
1336 937 1444 985 quasi

126 998 293 1044 maculis,
323 999 387 1036 ubi
423 999 623 1045 habitatur,
658 1006 783 1036 vastas
820 999 1041 1037 solitudines
1076 1000 1312 1038 interiectas:
1359 1013 1443 1038 eos-

126 1076 211 1113 que,
245 1064 310 1114 qui
338 1063 510 1101 incolunt
538 1071 689 1109 terram,
723 1076 804 1101 non
837 1065 957 1101 modo
989 1065 1220 1114 interruptos
1256 1065 1307 1102 ita
1347 1078 1443 1111 esse,

125 1135 166 1165 ut
198 1128 291 1165 nihil
329 1128 426 1165 inter
461 1129 565 1177 ipsos
597 1130 646 1165 ab
680 1129 761 1165 aliis
797 1129 845 1166 ad
879 1129 973 1166 alios
1012 1141 1169 1166 manare
1209 1130 1340 1179 possit,
1377 1131 1443 1168 sed

47 1200 105 1231 160
124 1194 262 1242 partim
291 1193 481 1243 obliquos,
511 1194 648 1242 partim
677 1200 923 1240 transversos,
952 1195 1088 1243 partim
1120 1195 1234 1232 etiam
1264 1196 1444 1233 adversos

124 1265 222 1296 stare
259 1259 390 1296 vobis:
440 1271 462 1296 a
501 1259 638 1308 quibus
686 1266 906 1308 exspectare
951 1259 1114 1309 gloriam
1159 1267 1260 1298 certe
1300 1261 1443 1298 nullam

123 1324 296 1372 potestis.
1129 1365 1137 1373 ,

177 1393 233 1428 11.
265 1389 423 1428 ‘Cernis
454 1396 581 1427 autem
611 1390 788 1428 eamdem
814 1397 953 1427 terram
983 1392 1090 1440 quasi
1123 1392 1353 1441 quibusdam
1382 1404 1441 1430 re-

124 1453 296 1492 dimitam
327 1462 364 1493 et
397 1456 672 1493 circumdatam
705 1455 889 1504 cingulis;
931 1468 951 1493 e
984 1457 1122 1506 quibus
1150 1458 1247 1494 duos
1275 1458 1441 1496 maxime

46 1525 102 1566 165
123 1518 220 1556 inter
248 1532 289 1558 se
319 1521 498 1566 diversos,
526 1527 563 1558 et
592 1521 686 1558 caeli
715 1521 916 1558 verticibus
947 1521 1037 1570 ipsis
1068 1534 1115 1559 ex
1144 1529 1304 1571 utraque
1334 1528 1439 1571 parte

123 1584 321 1631 subnixos,
360 1585 571 1634 obriguisse
615 1586 751 1635 pruina
794 1586 920 1633 vides;
960 1587 1131 1624 medium
1171 1594 1296 1624 autem
1336 1588 1441 1625 illum

123 1656 160 1686 et
187 1650 399 1688 maximum
428 1651 518 1688 solis
548 1651 682 1688 ardore
704 1653 856 1689 torreri:
889 1652 986 1689 duos
1014 1652 1252 1698 habitabiles,
1276 1665 1440 1702 quorum

121 1715 293 1752 australis
331 1716 403 1761 ille,
437 1716 477 1753 in
515 1728 593 1765 quo
632 1716 698 1765 qui
735 1717 926 1763 insistunt,
959 1717 1118 1765 adversa
1155 1718 1263 1755 vobis
1301 1726 1439 1767 urgent

122 1780 290 1829 vestigia,
310 1781 401 1818 nihil
431 1782 480 1818 ad
508 1788 675 1819 vestrum
705 1794 849 1830 genus:
878 1782 940 1819 hic
968 1789 1096 1819 autem
1125 1783 1216 1820 alter
1246 1783 1438 1822 subiectus

46 1867 104 1897 170
123 1845 303 1894 aquiloni,
333 1858 448 1895 quem
479 1847 655 1893 incolitis,
689 1859 802 1884 cerne
831 1859 947 1896 quam
977 1848 1080 1885 tenui
1110 1860 1178 1885 vos
1207 1854 1313 1897 parte
1344 1861 1438 1886 con-

123 1912 263 1959 tingat:
308 1912 434 1949 omnis
469 1913 571 1949 enim
605 1919 713 1958 terra,
740 1924 848 1961 ·quae
888 1913 1022 1949 colitur
1061 1925 1083 1950 a
1120 1914 1239 1960 vobis,
1277 1921 1440 1963 angusta

122 1975 334 2021 verticibus,
363 1976 543 2015 lateribus
580 1977 699 2023 latior,
736 1990 853 2027 parva
887 1978 1078 2026 quaedam
1112 1979 1236 2015 insula
1269 1987 1336 2025 est,
1368 1981 1438 2017 cir-

122 2039 298 2079 cumfusa
325 2041 388 2079 illo
417 2043 523 2088 mari,
553 2043 659 2092 quod
688 2043 932 2087 Atlanticum,
962 2044 1067 2092 quod
1095 2056 1291 2093 magnum,
1322 2059 1438 2095 quem

123 2105 323 2144 Oceanum
361 2108 560 2157 appellatis
602 2109 642 2145 in
679 2109 808 2145 terris:
857 2108 921 2156 qui
959 2115 1088 2145 tamen
1127 2116 1233 2147 tanto
1279 2112 1436 2150 nomine

45 2187 100 2216 175
122 2182 238 2220 quam
268 2171 315 2208 sit
343 2183 490 2220 parvus,
515 2174 629 2211 vides.
689 2172 748 2210 Ex
778 2173 835 2210 his
864 2173 955 2221 ipsis
986 2173 1093 2211 cultis
1122 2175 1299 2225 notisque
1330 2178 1436 2216 terris

121 2247 215 2273 num
254 2242 318 2273 aut
349 2243 456 2274 tuum
490 2244 555 2275 aut
590 2238 816 2287 cuiusquam
850 2245 1023 2275 nostrum
1062 2251 1206 2277 nomen
1243 2242 1301 2278 vel
1335 2241 1436 2280 Cau-

121 2312 254 2338 casum
287 2301 411 2346 hunc‚-
440 2314 555 2350 quern
594 2303 727 2347 cernis,
767 2303 1036 2340 transcendere
1074 2306 1197 2353 potuit
1235 2307 1291 2343 vel
1330 2308 1434 2346 illum

122 2364 301 2416 Gangem
329 2369 541 2408 tranatare?
599 2367 697 2415 Quis
726 2368 765 2406 in
794 2367 947 2417 reliquis
975 2369 1128 2407 orientis
1162 2378 1226 2408 aut
1258 2372 1435 2411 obeuntis
