1587 2533
564 651 881 691 SECTION
923 653 974 690 ΙΙ.

158 834 545 878 ANECDOTES
590 835 765 877 FROM
809 835 1042 877 ROMAN
1087 835 1385 877 HISTORY.

586 1065 620 1099 1.
664 1060 704 1098 T
697 1074 762 1098 rue
791 1060 958 1100 Lez'sure.

165 1165 345 1205 PUBLIUM
382 1165 604 1212 SCIPIONEM,
639 1179 728 1203 eum
768 1167 833 1215 qui
881 1166 1027 1216 primus
1061 1165 1265 1203 Africanus
1299 1167 1430 1216 appel-

110 1232 208 1270 latus
247 1237 315 1278 est,
356 1232 481 1269 dicere
521 1231 674 1269 solitum
713 1232 863 1281 scripsit
902 1230 1012 1276 Cato,
1045 1232 1110 1281 qui
1144 1231 1213 1268 fuit
1246 1230 1324 1269 fere
1353 1232 1433 1270 eius

111 1297 292 1347 aequalis,
327 1308 540 1346 numquam
577 1309 617 1334 se
655 1296 782 1334 minus
821 1297 989 1334 otiosum
1034 1308 1119 1334 esse
1158 1308 1274 1346 quam
1313 1309 1433 1346 quum

110 1363 269 1408 otiosus,
297 1374 370 1400 nec
398 1362 526 1399 minus
557 1361 682 1399 solum
717 1374 834 1411 quam
867 1373 988 1411 quum
1018 1361 1122 1400 solus
1150 1368 1262 1399 esset.
1322 1362 1434 1411 Mag-

72 1449 88 1479 5
109 1428 223 1465 nifica
260 1439 350 1465 vero
389 1439 465 1465 vox
503 1434 540 1465 et
578 1439 721 1477 magno
756 1428 836 1465 viro
876 1440 921 1465 ac
956 1427 1127 1477 sapiente
1167 1427 1295 1476 digna,
1335 1439 1433 1477 quae

111 1493 277 1532 declarat
314 1492 420 1530 illum
455 1499 492 1530 et
529 1493 570 1529 in
608 1493 687 1530 otio
725 1492 774 1530 de
802 1493 968 1541 negotiis
998 1492 1178 1541 cogitare,
1209 1498 1247 1530 et
1275 1492 1315 1530 in
1345 1492 1432 1531 soli-

109 1559 240 1597 tudine
272 1570 405 1597 secum
442 1557 548 1607 loqui
591 1558 757 1604 solitum,
795 1564 836 1596 ut
873 1570 999 1608 neque
1034 1564 1198 1596 cessaret
1236 1570 1433 1608 umquam,

109 1631 147 1664 et
184 1625 375 1663 interdum
420 1624 613 1673 colloquio
651 1624 804 1662 alterius
842 1636 923 1662 non
963 1630 1102 1674 egeret.
1161 1624 1297 1673 Itaque
1336 1625 1434 1663 duae

109 1704 169 1729 res
202 1703 301 1740 quae
334 1691 561 1740 languorem
587 1689 751 1728 afferunt
782 1690 917 1728 ceteris
946 1690 1053 1727 illum
1082 1690 1282 1738 acuebant,
1312 1691 1434 1728 otium

55 1778 91 1799 ιο
109 1764 146 1795 et
166 1756 344 1795 solitudo.
974 1757 978 1759 ’

425 1881 466 1916 2.
509 1861 608 1914 Τνέιε
636 1878 715 1915 and
737 1877 850 1915 False
878 1877 1125 1928 Expede'ency.

165 1982 298 2030 Quum
337 1982 528 2021 Collatino
570 1982 741 2032 collegae
784 1983 924 2020 Brutus
963 1983 1167 2033 imperium
1210 1984 1433 2034 abrogabat,

110 2055 261 2098 poterat
292 2048 410 2086 videri
442 2049 567 2086 facere
606 2049 645 2086 id
682 2049 829 2087 iniuste.
888 2048 1028 2086 Fuerat
1066 2049 1169 2086 enirn
1204 2049 1244 2086 in
1281 2051 1435 2099 regibus

111 2114 348 2164 expellendis
376 2114 503 2152 socius
531 2113 648 2160 Bruti,
670 2114 918 2152 consiliorum
945 2114 1060 2151 etiam
1081 2114 1245 2154 adiutor.
1302 2114 1434 2162 Quum

111 2186 240 2218 autem
288 2179 491 2218 consilium
543 2179 619 2217 hoc
665 2179 859 2229 principes
906 2180 1109 2229 cepissent,
1158 2181 1435 2229 cognationem

73 2251 90 2284 5
113 2245 276 2295 Superbi
305 2256 527 2295 nomenque
556 2245 858 2294 Tarquiniorum
887 2251 925 2282 et
955 2245 1185 2282 memoriam
1214 2246 1322 2295 regni
1351 2259 1435 2285 esse

114 2310 337 2357 tollendam,
376 2310 482 2359 quod
521 2316 600 2348 erat
630 2309 731 2356 utile,
772 2309 914 2359 patriae
954 2310 1165 2356 consulere,
1204 2311 1243 2348 id
1277 2317 1355 2349 erat
1385 2312 1437 2351 ita

110 2375 328 2422 honestum,
358 2382 398 2413 ut
426 2375 542 2413 etiam
572 2375 646 2424 ipsi
676 2374 867 2413 Collatino
897 2374 1047 2424 placere
1075 2375 1240 2413 deberet.
1299 2375 1435 2426 Itaque
