1587 2533
112 100 210 142 ehap.
229 102 268 133 11.
477 124 480 125 γ
517 100 675 132 OMENS
703 98 804 129 ΛΝΒ
834 97 1039 131 DREAMS.
1357 103 1374 130 1
1387 99 1437 144 15

169 206 211 240 9.
243 198 366 251 Saepe
392 201 507 239 etiam
545 206 582 238 et
609 201 649 238 in
683 199 834 249 praeliis
865 199 986 237 Fauni
1017 198 1146 245 auditi,
1179 205 1217 237 et
1250 198 1288 237 in
1324 202 1438 238 rebus

112 267 271 304 turbidis
304 267 494 304 veridicae
528 278 643 303 voces
674 277 722 303 ex
753 265 906 302 occulto
944 264 1084 301 missae
1119 276 1204 302 esse
1239 265 1437 303 dicuntur:

112 332 220 370 cuius
250 331 402 381 generis
435 331 512 369 duo
548 337 637 368 sunt
674 342 721 368 ex
759 330 886 367 multis
926 329 1113 378 exempla,
1149 328 1218 367 sed
1255 330 1436 368 maxima.

111 397 216 435 Nam
247 409 328 435 non
365 397 488 435 multo
522 403 610 434 ante
644 395 792 433 Urbem
825 401 978 444 captam
1017 394 1196 432 exaudita
1223 406 1299 432 vox
1329 401 1386 433 est
1415 408 1438 432 a

37 466 93 497 180
112 463 199 501 luco
227 462 382 507 Vestae,
413 463 479 511 qui
508 474 531 500 a
560 461 692 499 Palatii
724 460 852 498 radice
891 461 930 497 in
968 472 1110 497 novam
1139 459 1239 497 viam
1269 460 1438 498 devexus

112 534 190 566 est:
229 527 306 566 ‘Ut
334 528 433 565 muri
467 533 503 564 et
536 533 670 576 portae
707 525 953 563 reficerentur
964 537 974 572 ;
1028 524 1197 562 futurum
1235 538 1331 571 esse,
1366 526 1438 563 nisi

111 593 308 644 provisum
350 594 481 638 essetf
500 595 542 630 ut
579 590 727 629 Roma*
747 589 971 640 caperetur?
1048 589 1168 636 Quod
1206 590 1436 640 neglectum,

111 671 231 709 quum
251 658 374 696 caveri
393 663 556 708 poterat,
577 663 668 706 post
697 662 895 705 acceptam
917 655 1019 692 illam
1047 655 1258 692 maximam
1288 655 1438 693 cladem

111 724 307 774 expiatum
353 730 420 760 est.
497 722 578 760 Ara
624 721 728 759 enim
765 721 842 758 Aio
880 720 1085 770 Loquenti,
1124 733 1241 770 quam
1289 728 1438 770 septam

35 794 91 834 185
111 789 294 834 videmus,
333 787 565 826 exadversus
603 798 693 825 eum
731 786 860 824 locum
899 791 1125 824 consecrata
1165 792 1234 823 est.
1309 787 1438 835 Atque

111 854 226 893 etiam
265 853 446 903 scriptum
485 864 509 890 a
551 851 680 889 multis
719 857 790 898 est,
829 862 950 900 quum
988 856 1110 888 terrae
1148 856 1277 888 motus
1317 850 1439 890 factus

111 925 222 966 esset,
262 917 338 956 ‘Ut
375 931 444 956 sue
481 917 596 968 plena
632 917 852 967 procuratio
891 915 1020 962 fieret,’
1061 927 1198 952 vocem
1246 915 1294 953 ab
1342 916 1438 954 aede

110 983 272 1022 Iunonis
301 996 349 1021 ex
378 996 466 1021 arce
495 983 706 1021 exstitisse:
746 981 928 1032 quocirca
956 980 1148 1018 Iunonem
1175 980 1280 1018 illam
1306 982 1438 1031 appel-

110 1049 227 1088 latam
264 1048 479 1087 Monetam.
549 1047 661 1086 Haec
700 1047 814 1097 igitur
847 1052 884 1084 et
923 1058 945 1083 a
983 1045 1055 1084 diis
1093 1045 1307 1094 significata
1343 1053 1380 1084 et
1412 1059 1435 1084 a

35 1132 92 1164 190
110 1114 250 1153 nostris
278 1114 489 1152 maioribus
518 1111 685 1151 iudicata
716 1111 1027 1150 contemnimus?

164 1184 232 1218 10.
262 1178 401 1229 Neque
415 1177 541 1217 solum
555 1177 717 1216 deorum
731 1188 847 1215 voces
860 1175 1091 1226 Pythagorei
1104 1177 1438 1224 observitaverunt‚

112 1245 181 1284 sed
216 1244 331 1282 etiam
365 1244 579 1290 hominum,
611 1255 710 1292 quae
740 1248 881 1280 vocant
922 1243 1065 1280 omina.
1125 1242 1237 1289 Quae
1271 1244 1439 1282 maiores

109 1310 228 1349 nostri
248 1310 338 1359 quia
356 1309 480 1347 valere
502 1309 722 1354 censebant,
744 1308 887 1346 idcirco
911 1307 1094 1345 omnibus
1121 1308 1237 1345 rebus
1266 1309 1438 1357 agendis,

110 1375 254 1422 ‘Quod
281 1376 442 1421 bonum,
473 1373 650 1419 faustum,
684 1373 773 1411 felix
802 1372 1114 1423 fortunatumque
1144 1373 1270 1419 esset‚'
1291 1373 1438 1422 praefa-

34 1459 91 1492 ¹95
109 1441 271 1479 bantur:
301 1441 493 1490 rebusque
522 1439 659 1478 divinis
688 1451 787 1489 quae
816 1439 993 1489 publicae
1025 1439 1158 1476 fierent
1184 1445 1226 1476 ut
1247 1436 1439 1477 ‘faverent

110 1505 262 1556 linguis'
286 1505 566 1556 imperabatur;
596 1505 714 1555 inque
743 1504 844 1542 feriis
873 1504 1119 1553 imperandis,
1148 1509 1191 1541 ut
1220 1503 1371 1541 ‘litibus
1399 1511 1437 1543 et

111 1571 241 1621 iurgiis
271 1584 312 1610 se
346 1570 605 1610 abstinerent!
661 1571 839 1620 Itemque
877 1570 917 1607 in
954 1569 1152 1607 lustranda
1190 1569 1354 1616 colonia,
1390 1571 1439 1608 ab

111 1649 160 1676 eo
189 1638 255 1687 qui
282 1649 370 1676 eam
399 1637 616 1682 deduceret,
637 1643 675 1675 et
695 1649 814 1687 quum
835 1636 1043 1685 imperator
1062 1635 1282 1681 exercitum,
1300 1647 1440 1673 censor

111 1702 300 1754 populum
338 1702 523 1748 lustraret,
560 1702 673 1740 bonis
711 1702 932 1740 nominibus
971 1700 1036 1750 qui
1073 1699 1219 1738 hostias
1257 1699 1440 1738 ducerent

31 1788 94 1810 200
112 1768 361 1817 eligebantur.
420 1767 541 1815 Quod
569 1768 672 1805 idem
700 1767 741 1805 in
771 1767 921 1804 delectu
951 1764 1131 1803 consules
1161 1766 1377 1806 observant.
1397 1772 1440 1803 ut

112 1834 259 1884 primus
304 1832 414 1871 miles
459 1832 526 1870 fiat
570 1832 677 1870 bono
725 1832 898 1870 nomine.
966 1831 1276 1878 Praerogativam
1323 1830 1439 1868 etiarn

112 1899 278 1937 maiores
306 1909 422 1936 omen
451 1897 639 1936 iustorum
669 1897 911 1935 comitiorum
943 1908 1027 1934 esse
1057 1896 1267 1934 voluerunt.

167 1968 225 2002 11.
252 1963 383 2012 Atque
404 1974 478 2012 ego
499 1962 677 2012 exempla
697 1963 871 2000 ominum
891 1967 984 1998 nota
1003 1961 1206 2010 proferam.
1265 1961 1310 1999 L.
1327 1962 1438 2000 Paul-

112 2029 172 2068 lus
192 2029 328 2068 consul
346 2029 494 2075 iterum,
515 2039 636 2078 quum
656 2027 690 2065 ei
710 2027 854 2065 bellum
874 2033 916 2064 ut
936 2039 1025 2064 cum
1045 2039 1135 2076 rege
1156 2026 1272 2065 Perse
1292 2035 1439 2077 gereret

35 2106 93 2139 205
114 2095 325 2145 obtigisset,
350 2100 394 2132 ut
421 2105 468 2132 ea
494 2094 580 2144 ipsa
608 2093 670 2131 die
699 2092 860 2130 domum
888 2091 938 2129 ad
966 2103 1170 2142 vesperum
1198 2093 1320 2138 rediit,
1342 2093 1438 2131 filio-

113 2161 192 2199 lam
212 2171 322 2198 suam
342 2159 526 2206 Tertiam,
547 2171 646 2208 quae
665 2165 747 2196 tum
774 2163 854 2196 erat
880 2157 1090 2195 admodum
1110 2170 1237 2208 parva,
1259 2158 1438 2198 osculans

114 2225 381 2264 animadvertit
408 2224 644 2262 tristiculam.
700 2223 829 2270 ‘Quid
858 2223 938 2267 est,’
968 2223 1101 2272 inquit,
1132 2227 1243 2261 ‘mea
1281 2223 1438 2262 Tertia?

117 2291 210 2343 quid
227 2292 341 2330 tristis
360 2303 401 2329 es
416 2291 440 2329 ?'
492 2295 501 2311 ‘
514 2291 571 2329 Mi
591 2290 722 2340 pater‚’
743 2290 876 2340 inquit,
899 2292 907 2308 ‘
921 2289 1038 2327 Persa
1056 2290 1191 2339 periit.'
1249 2290 1352 2328 Tum
1377 2290 1438 2328 ille

117 2357 257 2396 arctius
294 2356 463 2408 puellam
507 2356 745 2407 complexus,
785 2354 996 2405 ‘Accipio,’
1031 2355 1164 2405 inquit,
1204 2359 1314 2394 ‘mea
1352 2356 1438 2403 filia,
