1587 2533
121 115 218 156 Chap.
235 116 273 146 11.
519 113 675 145 OMENS
704 111 805 143 ΛΝΒ
834 110 1039 143 DREAMS.
1361 113 1379 142 1
1391 112 1441 155 13

117 213 159 252 in
178 214 315 263 quibus
334 213 456 251 multa
475 219 631 262 propter
650 211 925 250 fecunditatem
945 209 1038 259 fingi
1058 209 1243 260 gignique
1269 214 1446 258 possunt,

118 278 158 316 in
178 279 338 316 ostentis
358 277 706 316 animadvertendis
728 276 930 325 diligentes
951 275 1114 313 fuerunt.

43 364 101 386 110
174 348 213 382 5.
243 343 342 390 Quis
361 355 451 381 vero
471 355 552 381 non
571 342 737 380 videtin
765 342 913 391 optima
941 353 1094 391 quaque
1115 340 1312 389 republica
1331 339 1447 389 pluri-

119 421 227 446 mum
255 409 427 458 auspicia
461 415 498 446 et
531 407 676 458 reliqua
705 406 900 444 divinandi
928 418 1072 455 genera
1101 405 1289 443 valuisse?
1346 403 1447 451 Quis

119 486 187 511 rex
233 485 421 523 umquam
459 473 539 519 fuit,
578 473 664 522 quis
702 471 880 521 populus,
919 471 984 520 qui
1024 482 1105 508 non
1151 475 1319 508 uteretur
1359 481 1446 518 pre-

121 539 289 577 dictione
319 539 470 577 divina?
511 550 637 586 neque
666 537 792 575 solum
821 536 861 573 in
889 548 998 585 pace,
1029 535 1097 573 sed
1125 535 1165 573 in
1193 535 1295 572 bello
1324 534 1445 571 multo

119 604 236 641 etiam
264 604 400 652 magis,
422 615 500 653 quo
529 603 653 640 maius
683 608 762 639 erat
792 608 986 639 certamen
1006 607 1043 638 et
1064 600 1271 638 discrimen
1302 599 1444 636 salutis.

43 680 99 712 115
121 667 269 707 Omitto
289 675 454 714 nostros,
476 668 541 718 qui
561 667 653 704 nihil
673 667 713 704 in
733 666 833 703 bello
859 666 941 703 sine
968 665 1066 703 extis
1096 671 1228 714 agunt,
1249 664 1342 702 nihil
1363 664 1445 702 sine

119 733 298 782 auspiciis
315 733 420 771 domi
433 733 585 770 habent.
616 732 788 769 Externa
809 731 1017 769 videamus.
1050 729 1230 780 Namque
1245 736 1282 768 et
1297 729 1445 767 Athen-

118 798 246 836 ienses
275 799 457 836 omnibus
488 810 640 847 semper
669 797 832 847 publicis
862 796 1033 834 consiliis
1069 796 1218 833 divinos
1253 795 1446 845 quosdam

119 863 352 909 sacerdotes,
382 876 482 914 quos
518 866 652 909 μάντεις
685 869 834 907 vocant,
864 861 1138 899 adhibuerunt:
1178 867 1216 899 et
1249 860 1447 898 Lacedae-

118 929 240 966 monii
261 929 416 978 regibus
445 929 523 966 suis
553 940 740 977 augurem
770 938 1006 964 assessorem
1036 925 1245 972 dederunt;
1275 925 1446 975 itemque

41 1013 100 1035 120
120 995 274 1033 senibus
306 995 377 1041 (sic
406 995 511 1032 enim
541 994 747 1033 consilium
779 992 978 1043 publicum
1014 990 1225 1041 appellant)
1258 1003 1446 1040 augurem

118 1059 302 1098 interesse
330 1060 555 1097 voluerunt:
595 1058 788 1107 iidemque
818 1057 865 1096 de
895 1058 1010 1095 rebus
1042 1057 1250 1094 maioribus
1292 1068 1446 1105 semper

118 1132 182 1164 aut
223 1124 386 1175 Delphis
431 1124 640 1170 oraculum,
680 1131 743 1162 aut
788 1124 837 1161 ab
875 1123 1074 1160 Ammone
1112 1129 1177 1160 aut
1214 1135 1237 1161 a
1274 1121 1447 1160 Dodona

118 1190 313 1239 petebant.
369 1189 571 1239 Lycurgus
606 1189 775 1238 quidem,
811 1189 876 1238 qui
911 1187 1312 1226 Lacedaemoniorum
1344 1200 1444 1226 rem-

117 1255 312 1304 publicam
345 1256 580 1304 temperavit,
611 1255 716 1304 leges
748 1266 838 1292 suas
872 1254 1096 1291 auctoritate
1125 1253 1316 1303 Apollinis
1350 1253 1442 1292 Del-

40 1333 97 1365 125
117 1321 219 1370 phici
240 1319 490 1358 confirmavit.
549 1319 659 1366 Quas
688 1332 808 1370 quum
828 1319 938 1357 vellet
965 1318 1163 1369 Lysander
1193 1327 1443 1366 commutare,

117 1385 253 1423 eadem
283 1393 340 1424 est
367 1385 583 1435 prohibitus
603 1385 802 1434 religione.
860 1384 991 1434 Atque
1010 1385 1136 1430 etiam,
1157 1385 1223 1434 qui
1243 1391 1444 1434 praeerant

116 1449 448 1497 Lacedaemoniis,
468 1463 550 1488 non
575 1450 748 1488 contenti
768 1450 1012 1499 vigilantibus
1038 1450 1149 1496 curis,
1170 1450 1210 1487 in
1230 1449 1444 1498 Pasiphaae

117 1515 221 1562 fano,
253 1516 360 1566 quod
393 1522 451 1555 est
484 1516 524 1553 in
561 1527 656 1566 agro
694 1522 852 1565 propter
889 1515 1036 1561 urbem,
1069 1515 1289 1553 somniandi
1326 1526 1444 1554 causa

115 1582 362 1628 incubabant,
383 1582 474 1632 quia
492 1593 581 1619 vera
601 1581 738 1631 quietis
759 1580 914 1620 orazula
935 1580 1140 1619 ducebant.

40 1662 101 1693 ¹30
172 1652 211 1685 6.
239 1647 304 1685 Ad
323 1654 454 1685 nostra
472 1647 549 1684 iam
568 1647 697 1684 redeo.
755 1646 929 1707 Quoties
944 1654 1115 1704 senatus
1136 1645 1374 1687 decemviros
1386 1646 1461 1685 ad-

116 1711 236 1750 libros
256 1712 466 1767 irtel—iussit}⁸
488 1712 641 1762 quantis
670 1711 710 1749 in
739 1711 866 1757 rebus,
888 1700 1082 1767 quamque
1110 1723 1226 1761 saepe
1246 1711 1444 1761 responsis

117 1764 364 1826 haruspicum
384 1777 531 1826 paruit!
589 1776 693 1814 Nam
722 1783 760 1814 et
788 1788 909 1827 quum
929 1776 1007 1814 duo
1027 1776 1096 1814 visi
1123 1776 1224 1814 soles
1244 1783 1386 1824 essent,
1407 1789 1445 1816 et

119 1854 240 1892 quum
261 1849 336 1880 tres
351 1842 475 1888 lunae,
490 1849 527 1880 et
542 1854 662 1892 quum
676 1841 793 1888 faces,
808 1848 845 1879 et
865 1854 985 1891 quum
1002 1841 1060 1879 sol
1080 1848 1196 1879 nocte
1215 1842 1316 1880 visus
1330 1849 1443 1889 esset,

118 1915 156 1945 et
184 1919 304 1956 quum
333 1919 354 1945 e
381 1907 487 1944 caelo
517 1907 687 1945 fremitus
718 1907 883 1953 auditus,
904 1913 941 1945 et
971 1919 1092 1957 quum
1121 1906 1271 1945 caelum
1300 1907 1443 1945 disces·

42 1985 99 2016 ¹35
119 1973 214 2012 sisse
233 1973 357 2010 visum
375 1980 432 2010 est
451 1979 566 2022 atque
587 1972 626 2010 in
647 1985 695 2011 eo
723 1972 977 2010 animadversi
997 1972 1115 2021 globi.
1171 1972 1310 2010 Delata
1329 1973 1445 2011 etiam

119 2038 169 2077 ad
199 2045 374 2076 senatum
402 2037 508 2075 labes
536 2038 618 2086 agri
647 2038 886 2083 Privernatis,
917 2049 1038 2087 quum
1067 2038 1116 2075 ad
1144 2037 1334 2075 infinitam
1362 2038 1443 2075 alti-

119 2103 294 2141 tudinem
326 2108 425 2140 terra
458 2102 684 2149 desedisset,
717 2102 935 2152 Apuliaque
969 2103 1148 2141 maximis
1178 2110 1299 2141 terrae
1330 2103 1443 2140 moti-

120 2169 193 2206 bus
237 2177 495 2217 conquassata
538 2176 663 2206 esset:
711 2169 850 2217 quibus
889 2169 1075 2217 portentis
1113 2181 1256 2218 magna
1295 2169 1442 2218 populo

121 2233 305 2271 Romano
343 2232 441 2270 bella
486 2233 803 2283 perniciosaeque
850 2233 1058 2271 seditiones
1105 2234 1440 2271 denuntiabantur.

45 2309 103 2338 ¹40
121 2298 245 2347 Inque
291 2298 350 2336 his
397 2299 578 2336 omnibus
625 2310 815 2347 responsa
857 2298 1104 2347 haruspicum
1149 2312 1238 2337 cum
1277 2299 1445 2348 Sibyllae

121 2363 291 2402 versibus
320 2364 597 2412 congruebant.
656 2363 773 2410 Quid,
799 2375 919 2414 quum
945 2363 1079 2402 Cumis
1107 2364 1252 2414 Apollo
1282 2364 1443 2413 sudavit,
