1558 2516
162 529 600 584 EXTRACTS
657 529 887 583 FROM
950 530 1279 584 CICERO.

533 775 837 814 SECT1ON
888 777 917 814 Ι.

105 915 492 958 ANECDOTES
527 915 704 957 FROM
740 914 1027 956 GRECIAN
1064 916 1360 959 HISTORY.

468 1130 502 1165 1.
548 1125 624 1163 Ibe
652 1125 803 1163 Nature
832 1127 879 1174 of
903 1125 992 1163 God.

119 1229 252 1269 ROGEs
284 1242 347 1268 me
380 1230 473 1280 quid
506 1236 571 1268 aut
604 1231 715 1281 quale
749 1231 796 1267 sit
825 1230 932 1277 deus,
963 1236 1119 1268 auctore
1152 1237 1237 1268 utar
1267 1231 1391 1270 Simo-

65 1296 164 1341 nide,
192 1296 239 1333 de
269 1308 348 1346 quo
379 1308 499 1346 quum
529 1295 778 1346 quaesivisset
806 1295 881 1333 hoc
910 1295 1013 1333 idem
1042 1302 1225 1345 tyrannus
1256 1297 1388 1344 Hiero,

67 1361 304 1399 deliberandi
338 1361 410 1399 sibi
444 1374 566 1399 unum
605 1362 707 1400 diem
744 1361 960 1411 postulavit.
1034 1361 1166 1408 Quum
1203 1363 1306 1401 idem
1342 1377 1389 1402 ex

69 1439 116 1464 eo
145 1427 330 1476 postridie
359 1434 568 1477 quaereret,
589 1427 748 1465 biduum
778 1427 919 1477 petivit.
977 1426 1110 1474 Quum
1139 1429 1291 1478 saepius
1321 1430 1389 1467 du-

29 1511 44 1542 5
65 1493 223 1543 plicaret
248 1505 451 1531 numerum
477 1493 636 1539 dierum,
656 1493 927 1543 admiransque
951 1492 1072 1531 Hiero
1096 1495 1302 1543 requireret
1325 1508 1391 1533 cur

67 1558 120 1596 ita
147 1557 310 1606 faceret;
352 1562 360 1578 ‘
376 1558 489 1605 Quia,
511 1558 680 1608 quanto‚’
702 1559 836 1608 inquit,
858 1562 866 1578 ‘
880 1559 1019 1596 diutius
1049 1560 1264 1607 considero,
1285 1568 1390 1599 tanto

70 1623 166 1660 mihi
194 1635 255 1661 res
283 1623 430 1662 videtur
458 1622 682 1662 obscurior.’
742 1624 819 1662 Sed
840 1624 1080 1663 Simonidem
1101 1626 1270 1672 arbitror,
1294 1634 1391 1668 (non

71 1689 175 1726 enim
212 1695 328 1739 poeta
365 1689 490 1727 solum
528 1690 664 1737 suavis,
702 1702 834 1727 verum
872 1690 986 1728 etiam
1025 1692 1218 1742 ceteroqui
1257 1692 1393 1731 doctus

71 1755 301 1805 sapiensque
330 1755 519 1804 traditur),
549 1756 638 1805 quia
667 1756 785 1794 multa
813 1757 984 1794 venirent
1012 1757 1052 1793 in
1081 1764 1252 1795 mentem
1281 1765 1394 1797 acuta

18 1838 53 1859 10
74 1828 188 1873 atque
227 1822 388 1868 subtilia,
423 1823 661 1861 dubitantem
700 1822 793 1873 quid
832 1835 966 1877 eorum
1004 1830 1105 1862 esset
1141 1825 1392 1872 verissimum,

73 1889 297 1940 desperasse
326 1901 483 1927 omnem
512 1889 715 1927 veritatem.

388 2015 427 2049 2.
467 2011 696 2061 Frz'endshz‘p
725 2016 787 2049 not
811 2016 845 2049 lo
873 2011 911 2049 be
939 2012 1081 2062 bought.

125 2116 323 2155 Praeclare
357 2115 518 2166 epistola
550 2116 718 2166 quadam
751 2117 1017 2155 Alexandrum
1051 2118 1169 2156 filiurn
1199 2119 1396 2170 Philippus

73 2189 232 2222 accusat
251 2182 358 2232 quod
377 2181 577 2232 largitione
597 2183 904 2221 benevolentiam
930 2183 1195 2222 Macedonum
1221 2193 1394 2224 consect-

70 2252 179 2284 etur:
211 2248 220 2265 ‘
235 2244 348 2292 Quae
368 2251 416 2292 te,
437 2244 604 2291 malum‚'
624 2245 757 2294 inquit,
780 2249 788 2264 ‘
802 2246 897 2283 ratio
917 2246 956 2283 in
975 2246 1087 2284 istam
1109 2260 1218 2297 spem
1238 2249 1396 2294 induxit,

71 2319 113 2351 ut
135 2324 205 2351 eos
224 2312 292 2350 tibi
312 2311 445 2349 fideles
464 2317 619 2360 putares
639 2311 731 2357 sore,
748 2323 845 2361 quos
865 2312 1030 2361 pecunia
1049 2314 1305 2363 corrupisses?
1335 2315 1397 2353 An

31 2396 49 2428 5
71 2385 114 2416 tu
137 2378 177 2417 id
204 2377 288 2428 agis
312 2383 354 2415 ut
378 2375 619 2414 Macedones
645 2388 725 2414 non
745 2383 781 2414 te
801 2389 930 2427 regem
952 2390 1076 2427 suum,
1096 2379 1165 2417 sed
1185 2380 1395 2419 ministrum

704 2454 725 2479 B
758 2454 776 2479 2
