<?xml version="1.0" encoding="UTF-8"?>
<!DOCTYPE html PUBLIC "-//W3C//DTD XHTML 1.0 Transitional//EN"
    "http://www.w3.org/TR/xhtml1/DTD/xhtml1-transitional.dtd">
<html xmlns="http://www.w3.org/1999/xhtml" xml:lang="en" lang="en">
 <head>
  <title>
</title>
<meta http-equiv="Content-Type" content="text/html;charset=utf-8" />
  <meta name='ocr-system' content='tesseract 3.04.00' />
  <meta name='ocr-capabilities' content='ocr_page ocr_carea ocr_par ocr_line ocrx_word'/>
</head>
<body>
  <div class='ocr_page' id='page_1' title='image "./extractsfromcice00ciceuoft_0283.png"; bbox 0 0 1587 2533; ppageno 0'>
   <div class='ocr_carea' id='block_1_1' title="bbox 145 86 1467 144">
    <p class='ocr_par' dir='ltr' id='par_1_1' title="bbox 145 86 1467 144">
     <span class='ocr_line' id='line_1_1' title="bbox 145 86 1467 144; baseline 0.002 -17"><span class='ocrx_word' id='word_1_1' title='bbox 145 99 186 130; x_wconf 86' lang='lat'><strong>11.</strong></span> <span class='ocrx_word' id='word_1_2' title='bbox 211 108 261 140; x_wconf 79' lang='lat'><strong>13.</strong></span> <span class='ocrx_word' id='word_1_3' title='bbox 377 86 547 127; x_wconf 80' lang='lat' dir='ltr'><strong>RoME&#39;S</strong></span> <span class='ocrx_word' id='word_1_4' title='bbox 576 97 702 127; x_wconf 82' lang='lat' dir='ltr'><em>RULE</em></span> <span class='ocrx_word' id='word_1_5' title='bbox 734 96 791 126; x_wconf 84' lang='lat' dir='ltr'><strong>OF</strong></span> <span class='ocrx_word' id='word_1_6' title='bbox 819 97 914 127; x_wconf 82' lang='lat' dir='ltr'><strong>HER</strong></span> <span class='ocrx_word' id='word_1_7' title='bbox 946 97 1226 130; x_wconf 84' lang='lat' dir='ltr'><em>PROVINCES.</em></span> <span class='ocrx_word' id='word_1_8' title='bbox 1387 90 1467 144; x_wconf 86' lang='lat'><strong>263</strong></span> 
     </span>
    </p>
   </div>
   <div class='ocr_carea' id='block_1_2' title="bbox 71 200 1469 2408">
    <p class='ocr_par' dir='ltr' id='par_1_2' title="bbox 84 200 1469 512">
     <span class='ocr_line' id='line_1_2' title="bbox 84 200 1468 252; baseline -0.001 -11"><span class='ocrx_word' id='word_1_9' title='bbox 84 221 126 252; x_wconf 87' lang='lat'><strong>40</strong></span> <span class='ocrx_word' id='word_1_10' title='bbox 143 214 288 240; x_wconf 91' lang='lat' dir='ltr'><strong>nomen</strong></span> <span class='ocrx_word' id='word_1_11' title='bbox 321 201 512 239; x_wconf 81' lang='lat' dir='ltr'>Arethusa</span> <span class='ocrx_word' id='word_1_12' title='bbox 549 208 617 247; x_wconf 89' lang='lat' dir='ltr'><strong>est,</strong></span> <span class='ocrx_word' id='word_1_13' title='bbox 657 200 868 238; x_wconf 80' lang='lat' dir='ltr'><strong>incredibili</strong></span> <span class='ocrx_word' id='word_1_14' title='bbox 908 201 1182 249; x_wconf 77' lang='lat' dir='ltr'><strong>magnitudine,</strong></span> <span class='ocrx_word' id='word_1_15' title='bbox 1222 202 1468 251; x_wconf 83' lang='lat' dir='ltr'><strong>plenissimus</strong></span> 
     </span>
     <span class='ocr_line' id='line_1_3' title="bbox 142 267 1468 316; baseline 0.001 -12"><span class='ocrx_word' id='word_1_16' title='bbox 142 267 330 316; x_wconf 87' lang='lat' dir='ltr'><strong>piscium;</strong></span> <span class='ocrx_word' id='word_1_17' title='bbox 361 268 426 316; x_wconf 90' lang='lat' dir='ltr'><strong>qui</strong></span> <span class='ocrx_word' id='word_1_18' title='bbox 452 268 570 305; x_wconf 89' lang='lat' dir='ltr'>fluctu</span> <span class='ocrx_word' id='word_1_19' title='bbox 590 273 693 304; x_wconf 89' lang='lat' dir='ltr'><strong>totus</strong></span> <span class='ocrx_word' id='word_1_20' title='bbox 721 267 943 316; x_wconf 85' lang='lat' dir='ltr'><strong>operiretur,</strong></span> <span class='ocrx_word' id='word_1_21' title='bbox 967 267 1038 303; x_wconf 87' lang='lat' dir='ltr'><strong>nisi</strong></span> <span class='ocrx_word' id='word_1_22' title='bbox 1059 267 1270 304; x_wconf 89' lang='lat' dir='ltr'><strong>munitione</strong></span> <span class='ocrx_word' id='word_1_23' title='bbox 1292 279 1336 304; x_wconf 92' lang='lat' dir='ltr'><strong>ac</strong></span> <span class='ocrx_word' id='word_1_24' title='bbox 1365 269 1468 305; x_wconf 90' lang='lat' dir='ltr'><strong>mole</strong></span> 
     </span>
     <span class='ocr_line' id='line_1_4' title="bbox 141 332 1468 382; baseline 0.001 -13"><span class='ocrx_word' id='word_1_25' title='bbox 141 332 310 381; x_wconf 88' lang='lat' dir='ltr'><strong>lapidum</strong></span> <span class='ocrx_word' id='word_1_26' title='bbox 332 333 541 370; x_wconf 88' lang='lat' dir='ltr'><strong>disiunctus</strong></span> <span class='ocrx_word' id='word_1_27' title='bbox 562 338 661 369; x_wconf 85' lang='lat' dir='ltr'><strong>esset</strong></span> <span class='ocrx_word' id='word_1_28' title='bbox 682 332 822 369; x_wconf 87' lang='lat' dir='ltr'><strong>amari.</strong></span> <span class='ocrx_word' id='word_1_29' title='bbox 871 332 1000 369; x_wconf 83' lang='lat' dir='ltr'><strong>Altera</strong></span> <span class='ocrx_word' id='word_1_30' title='bbox 1020 339 1147 369; x_wconf 85' lang='lat' dir='ltr'><strong>autem</strong></span> <span class='ocrx_word' id='word_1_31' title='bbox 1168 339 1224 370; x_wconf 83' lang='lat' dir='ltr'><strong>est</strong></span> <span class='ocrx_word' id='word_1_32' title='bbox 1244 333 1333 370; x_wconf 85' lang='lat' dir='ltr'><strong>urbs</strong></span> <span class='ocrx_word' id='word_1_33' title='bbox 1357 332 1468 382; x_wconf 89' lang='lat' dir='ltr'><strong>Syra-</strong></span> 
     </span>
     <span class='ocr_line' id='line_1_5' title="bbox 142 396 1466 446; baseline -0.001 -11"><span class='ocrx_word' id='word_1_34' title='bbox 142 398 254 443; x_wconf 85' lang='lat' dir='ltr'><strong>cusis,</strong></span> <span class='ocrx_word' id='word_1_35' title='bbox 285 398 346 435; x_wconf 91' lang='lat' dir='ltr'><strong>cui</strong></span> <span class='ocrx_word' id='word_1_36' title='bbox 377 410 521 435; x_wconf 90' lang='lat' dir='ltr'><strong>nomen</strong></span> <span class='ocrx_word' id='word_1_37' title='bbox 549 396 770 433; x_wconf 81' lang='lat' dir='ltr'><strong>Achradina</strong></span> <span class='ocrx_word' id='word_1_38' title='bbox 798 403 879 434; x_wconf 89' lang='lat' dir='ltr'><strong>est:</strong></span> <span class='ocrx_word' id='word_1_39' title='bbox 919 398 957 433; x_wconf 91' lang='lat' dir='ltr'><strong>in</strong></span> <span class='ocrx_word' id='word_1_40' title='bbox 988 409 1064 446; x_wconf 87' lang='lat' dir='ltr'><strong>qua</strong></span> <span class='ocrx_word' id='word_1_41' title='bbox 1090 397 1218 435; x_wconf 86' lang='lat' dir='ltr'><strong>forum</strong></span> <span class='ocrx_word' id='word_1_42' title='bbox 1244 398 1466 443; x_wconf 81' lang='lat' dir='ltr'><strong>maximum,</strong></span> 
     </span>
     <span class='ocr_line' id='line_1_6' title="bbox 141 462 1469 512; baseline 0.002 -13"><span class='ocrx_word' id='word_1_43' title='bbox 141 462 419 512; x_wconf 89' lang='lat' dir='ltr'><strong>pulcherrimae</strong></span> <span class='ocrx_word' id='word_1_44' title='bbox 441 463 620 512; x_wconf 88' lang='lat' dir='ltr'><strong>porticus,</strong></span> <span class='ocrx_word' id='word_1_45' title='bbox 648 462 933 499; x_wconf 84' lang='lat' dir='ltr'><strong>ornatissimum</strong></span> <span class='ocrx_word' id='word_1_46' title='bbox 964 469 1202 510; x_wconf 81' lang='lat' dir='ltr'><strong>prytaneum,</strong></span> <span class='ocrx_word' id='word_1_47' title='bbox 1232 464 1469 512; x_wconf 86' lang='lat' dir='ltr'><strong>amplissima</strong></span> 
     </span>
    </p>

    <p class='ocr_par' dir='ltr' id='par_1_3' title="bbox 81 526 1467 834">
     <span class='ocr_line' id='line_1_7' title="bbox 81 526 1467 579; baseline 0.001 -15"><span class='ocrx_word' id='word_1_48' title='bbox 81 546 122 578; x_wconf 85' lang='lat'><strong>45</strong></span> <span class='ocrx_word' id='word_1_49' title='bbox 142 534 199 564; x_wconf 90' lang='lat' dir='ltr'><strong>est</strong></span> <span class='ocrx_word' id='word_1_50' title='bbox 225 528 339 573; x_wconf 85' lang='lat' dir='ltr'><strong>curia,</strong></span> <span class='ocrx_word' id='word_1_51' title='bbox 367 528 632 577; x_wconf 86' lang='lat' dir='ltr'><strong>templumque</strong></span> <span class='ocrx_word' id='word_1_52' title='bbox 660 527 861 575; x_wconf 84' lang='lat' dir='ltr'><strong>egregium</strong></span> <span class='ocrx_word' id='word_1_53' title='bbox 888 526 991 564; x_wconf 91' lang='lat' dir='ltr'><strong>Iovis</strong></span> <span class='ocrx_word' id='word_1_54' title='bbox 1024 527 1206 576; x_wconf 85' lang='lat' dir='ltr'><strong>Olympii,</strong></span> <span class='ocrx_word' id='word_1_55' title='bbox 1241 535 1467 579; x_wconf 85' lang='lat' dir='ltr'><strong>ceteraeque</strong></span> 
     </span>
     <span class='ocr_line' id='line_1_8' title="bbox 140 589 1467 640; baseline 0.002 -13"><span class='ocrx_word' id='word_1_56' title='bbox 140 590 245 628; x_wconf 84' lang='lat' dir='ltr'><strong>urbis</strong></span> <span class='ocrx_word' id='word_1_57' title='bbox 283 597 421 639; x_wconf 87' lang='lat' dir='ltr'><strong>partes,</strong></span> <span class='ocrx_word' id='word_1_58' title='bbox 456 602 532 626; x_wconf 84' lang='lat' dir='ltr'><strong>una</strong></span> <span class='ocrx_word' id='word_1_59' title='bbox 569 590 643 626; x_wconf 89' lang='lat' dir='ltr'><strong>lata</strong></span> <span class='ocrx_word' id='word_1_60' title='bbox 681 589 740 625; x_wconf 83' lang='lat' dir='ltr'><strong>via</strong></span> <span class='ocrx_word' id='word_1_61' title='bbox 778 597 963 638; x_wconf 78' lang='lat' dir='ltr'><strong>perpetua</strong></span> <span class='ocrx_word' id='word_1_62' title='bbox 1000 590 1204 640; x_wconf 88' lang='lat' dir='ltr'><strong>multisque</strong></span> <span class='ocrx_word' id='word_1_63' title='bbox 1243 592 1467 629; x_wconf 86' lang='lat' dir='ltr'><strong>transversis</strong></span> 
     </span>
     <span class='ocr_line' id='line_1_9' title="bbox 141 655 1464 706; baseline 0 -13"><span class='ocrx_word' id='word_1_64' title='bbox 141 656 294 701; x_wconf 87' lang='lat' dir='ltr'><strong>divisae,</strong></span> <span class='ocrx_word' id='word_1_65' title='bbox 311 656 465 704; x_wconf 84' lang='lat' dir='ltr'><strong>privatis</strong></span> <span class='ocrx_word' id='word_1_66' title='bbox 486 655 669 692; x_wconf 90' lang='lat' dir='ltr'><strong>aedificiis</strong></span> <span class='ocrx_word' id='word_1_67' title='bbox 691 655 948 692; x_wconf 89' lang='lat' dir='ltr'><strong>continentur.</strong></span> <span class='ocrx_word' id='word_1_68' title='bbox 1007 656 1139 692; x_wconf 88' lang='lat' dir='ltr'><strong>Tertia</strong></span> <span class='ocrx_word' id='word_1_69' title='bbox 1160 663 1216 693; x_wconf 90' lang='lat' dir='ltr'><strong>est</strong></span> <span class='ocrx_word' id='word_1_70' title='bbox 1236 657 1338 702; x_wconf 88' lang='lat' dir='ltr'><strong>urbs,</strong></span> <span class='ocrx_word' id='word_1_71' title='bbox 1355 669 1464 706; x_wconf 86' lang='lat' dir='ltr'><strong>quae,</strong></span> 
     </span>
     <span class='ocr_line' id='line_1_10' title="bbox 140 719 1467 771; baseline 0 -13"><span class='ocrx_word' id='word_1_72' title='bbox 140 721 247 770; x_wconf 88' lang='lat' dir='ltr'><strong>quod</strong></span> <span class='ocrx_word' id='word_1_73' title='bbox 284 721 323 757; x_wconf 92' lang='lat' dir='ltr'><strong>in</strong></span> <span class='ocrx_word' id='word_1_74' title='bbox 361 732 407 757; x_wconf 86' lang='lat' dir='ltr'><strong>ea</strong></span> <span class='ocrx_word' id='word_1_75' title='bbox 439 726 545 768; x_wconf 86' lang='lat' dir='ltr'><strong>parte</strong></span> <span class='ocrx_word' id='word_1_76' title='bbox 579 719 774 756; x_wconf 88' lang='lat' dir='ltr'><strong>Fortunae</strong></span> <span class='ocrx_word' id='word_1_77' title='bbox 808 719 941 756; x_wconf 82' lang='lat' dir='ltr'><strong>fanum</strong></span> <span class='ocrx_word' id='word_1_78' title='bbox 981 721 1181 769; x_wconf 85' lang='lat' dir='ltr'><strong>antiquum</strong></span> <span class='ocrx_word' id='word_1_79' title='bbox 1214 721 1294 767; x_wconf 88' lang='lat' dir='ltr'><strong>fuit,</strong></span> <span class='ocrx_word' id='word_1_80' title='bbox 1331 721 1467 771; x_wconf 82' lang='lat' dir='ltr'><strong>Tycha</strong></span> 
     </span>
     <span class='ocr_line' id='line_1_11' title="bbox 139 785 1466 834; baseline 0.002 -12"><span class='ocrx_word' id='word_1_81' title='bbox 139 786 336 823; x_wconf 89' lang='lat' dir='ltr'><strong>nominata</strong></span> <span class='ocrx_word' id='word_1_82' title='bbox 357 792 423 830; x_wconf 89' lang='lat' dir='ltr'><strong>est,</strong></span> <span class='ocrx_word' id='word_1_83' title='bbox 445 786 484 821; x_wconf 88' lang='lat' dir='ltr'><strong>in</strong></span> <span class='ocrx_word' id='word_1_84' title='bbox 504 797 580 833; x_wconf 87' lang='lat' dir='ltr'><strong>qua</strong></span> <span class='ocrx_word' id='word_1_85' title='bbox 600 791 636 821; x_wconf 89' lang='lat' dir='ltr'><strong>et</strong></span> <span class='ocrx_word' id='word_1_86' title='bbox 656 785 902 833; x_wconf 80' lang='lat' dir='ltr'><strong>gymnasium</strong></span> <span class='ocrx_word' id='word_1_87' title='bbox 923 786 1203 834; x_wconf 89' lang='lat' dir='ltr'><strong>amplissimum</strong></span> <span class='ocrx_word' id='word_1_88' title='bbox 1224 794 1282 824; x_wconf 86' lang='lat' dir='ltr'><strong>est</strong></span> <span class='ocrx_word' id='word_1_89' title='bbox 1302 794 1339 824; x_wconf 89' lang='lat' dir='ltr'><strong>et</strong></span> <span class='ocrx_word' id='word_1_90' title='bbox 1360 799 1466 824; x_wconf 84' lang='lat' dir='ltr'><strong>com-</strong></span> 
     </span>
    </p>

    <p class='ocr_par' dir='ltr' id='par_1_4' title="bbox 80 850 1466 1163">
     <span class='ocr_line' id='line_1_12' title="bbox 80 850 1466 902; baseline 0.001 -15"><span class='ocrx_word' id='word_1_91' title='bbox 80 870 120 901; x_wconf 81' lang='lat'><strong>50</strong></span> <span class='ocrx_word' id='word_1_92' title='bbox 139 851 266 900; x_wconf 90' lang='lat' dir='ltr'><strong>plures</strong></span> <span class='ocrx_word' id='word_1_93' title='bbox 287 850 400 888; x_wconf 88' lang='lat' dir='ltr'><strong>aedes</strong></span> <span class='ocrx_word' id='word_1_94' title='bbox 422 862 573 887; x_wconf 87' lang='lat' dir='ltr'><strong>sacrae:</strong></span> <span class='ocrx_word' id='word_1_95' title='bbox 605 850 815 899; x_wconf 83' lang='lat' dir='ltr'><strong>coliturque</strong></span> <span class='ocrx_word' id='word_1_96' title='bbox 837 862 881 887; x_wconf 90' lang='lat' dir='ltr'><strong>ea</strong></span> <span class='ocrx_word' id='word_1_97' title='bbox 901 863 989 899; x_wconf 86' lang='lat' dir='ltr'><strong>pars</strong></span> <span class='ocrx_word' id='word_1_98' title='bbox 1019 858 1056 888; x_wconf 91' lang='lat' dir='ltr'><strong>et</strong></span> <span class='ocrx_word' id='word_1_99' title='bbox 1075 851 1266 888; x_wconf 87' lang='lat' dir='ltr'><strong>habitatur</strong></span> <span class='ocrx_word' id='word_1_100' title='bbox 1288 852 1466 902; x_wconf 87' lang='lat' dir='ltr'><strong>frequen-</strong></span> 
     </span>
     <span class='ocr_line' id='line_1_13' title="bbox 137 915 1466 966; baseline 0.001 -13"><span class='ocrx_word' id='word_1_101' title='bbox 137 917 294 954; x_wconf 86' lang='lat' dir='ltr'><strong>tissime.</strong></span> <span class='ocrx_word' id='word_1_102' title='bbox 353 915 499 962; x_wconf 87' lang='lat' dir='ltr'><strong>Quarta</strong></span> <span class='ocrx_word' id='word_1_103' title='bbox 520 922 647 953; x_wconf 88' lang='lat' dir='ltr'><strong>autem</strong></span> <span class='ocrx_word' id='word_1_104' title='bbox 669 922 725 952; x_wconf 91' lang='lat' dir='ltr'><strong>est</strong></span> <span class='ocrx_word' id='word_1_105' title='bbox 745 916 847 962; x_wconf 90' lang='lat' dir='ltr'><strong>urbs,</strong></span> <span class='ocrx_word' id='word_1_106' title='bbox 870 929 968 966; x_wconf 88' lang='lat' dir='ltr'><strong>quae</strong></span> <span class='ocrx_word' id='word_1_107' title='bbox 989 917 1078 965; x_wconf 88' lang='lat' dir='ltr'><strong>quia</strong></span> <span class='ocrx_word' id='word_1_108' title='bbox 1098 925 1293 966; x_wconf 88' lang='lat' dir='ltr'><strong>postrema</strong></span> <span class='ocrx_word' id='word_1_109' title='bbox 1314 919 1466 956; x_wconf 85' lang='lat' dir='ltr'><strong>coaedi-</strong></span> 
     </span>
     <span class='ocr_line' id='line_1_14' title="bbox 136 981 1465 1031; baseline 0.002 -12"><span class='ocrx_word' id='word_1_110' title='bbox 136 982 247 1019; x_wconf 84' lang='lat' dir='ltr'><strong>ficata</strong></span> <span class='ocrx_word' id='word_1_111' title='bbox 267 988 334 1028; x_wconf 89' lang='lat' dir='ltr'><strong>est,</strong></span> <span class='ocrx_word' id='word_1_112' title='bbox 357 981 543 1030; x_wconf 87' lang='lat' dir='ltr'><strong>Neapolis</strong></span> <span class='ocrx_word' id='word_1_113' title='bbox 564 981 810 1019; x_wconf 83' lang='lat' dir='ltr'><strong>nominatur:</strong></span> <span class='ocrx_word' id='word_1_114' title='bbox 842 994 959 1031; x_wconf 89' lang='lat' dir='ltr'><strong>quam</strong></span> <span class='ocrx_word' id='word_1_115' title='bbox 986 983 1035 1020; x_wconf 86' lang='lat' dir='ltr'><strong>ad</strong></span> <span class='ocrx_word' id='word_1_116' title='bbox 1063 995 1255 1020; x_wconf 86' lang='lat' dir='ltr'><strong>summam</strong></span> <span class='ocrx_word' id='word_1_117' title='bbox 1276 984 1465 1021; x_wconf 83' lang='lat' dir='ltr'><strong>theatrum</strong></span> 
     </span>
     <span class='ocr_line' id='line_1_15' title="bbox 135 1047 1462 1098; baseline 0.002 -14"><span class='ocrx_word' id='word_1_118' title='bbox 135 1053 192 1084; x_wconf 88' lang='lat' dir='ltr'><strong>est</strong></span> <span class='ocrx_word' id='word_1_119' title='bbox 222 1048 455 1084; x_wconf 85' lang='lat' dir='ltr'><strong>maximum:</strong></span> <span class='ocrx_word' id='word_1_120' title='bbox 491 1052 686 1096; x_wconf 89' lang='lat' dir='ltr'><strong>praeterea</strong></span> <span class='ocrx_word' id='word_1_121' title='bbox 716 1047 792 1084; x_wconf 88' lang='lat' dir='ltr'><strong>duo</strong></span> <span class='ocrx_word' id='word_1_122' title='bbox 823 1048 966 1096; x_wconf 89' lang='lat' dir='ltr'><strong>templa</strong></span> <span class='ocrx_word' id='word_1_123' title='bbox 995 1054 1083 1085; x_wconf 89' lang='lat' dir='ltr'><strong>sunt</strong></span> <span class='ocrx_word' id='word_1_124' title='bbox 1114 1049 1279 1098; x_wconf 81' lang='lat' dir='ltr'><strong>egregia,</strong></span> <span class='ocrx_word' id='word_1_125' title='bbox 1312 1049 1462 1087; x_wconf 85' lang='lat' dir='ltr'><strong>Cereris</strong></span> 
     </span>
     <span class='ocr_line' id='line_1_16' title="bbox 134 1111 1463 1163; baseline 0.002 -14"><span class='ocrx_word' id='word_1_126' title='bbox 134 1124 268 1158; x_wconf 88' lang='lat' dir='ltr'><strong>unum,</strong></span> <span class='ocrx_word' id='word_1_127' title='bbox 289 1113 448 1150; x_wconf 90' lang='lat' dir='ltr'><strong>alterum</strong></span> <span class='ocrx_word' id='word_1_128' title='bbox 469 1111 643 1158; x_wconf 85' lang='lat' dir='ltr'><strong>Liberae,</strong></span> <span class='ocrx_word' id='word_1_129' title='bbox 673 1113 905 1161; x_wconf 78' lang='lat' dir='ltr'><strong>signumque</strong></span> <span class='ocrx_word' id='word_1_130' title='bbox 927 1112 1127 1161; x_wconf 87' lang='lat' dir='ltr'><strong>Apollinis,</strong></span> <span class='ocrx_word' id='word_1_131' title='bbox 1151 1115 1215 1163; x_wconf 94' lang='lat' dir='ltr'><strong>qui</strong></span> <span class='ocrx_word' id='word_1_132' title='bbox 1237 1114 1463 1153; x_wconf 87' lang='lat' dir='ltr'><strong>Temenites</strong></span> 
     </span>
    </p>

    <p class='ocr_par' dir='ltr' id='par_1_5' title="bbox 77 1177 1463 1293">
     <span class='ocr_line' id='line_1_17' title="bbox 77 1177 1463 1230; baseline 0.002 -15"><span class='ocrx_word' id='word_1_133' title='bbox 77 1196 116 1228; x_wconf 83' lang='lat'><strong>55</strong></span> <span class='ocrx_word' id='word_1_134' title='bbox 134 1184 303 1224; x_wconf 88' lang='lat' dir='ltr'><strong>vocatur,</strong></span> <span class='ocrx_word' id='word_1_135' title='bbox 338 1177 639 1227; x_wconf 86' lang='lat' dir='ltr'><strong>pulcherrimum</strong></span> <span class='ocrx_word' id='word_1_136' title='bbox 673 1184 709 1215; x_wconf 88' lang='lat' dir='ltr'><strong>et</strong></span> <span class='ocrx_word' id='word_1_137' title='bbox 747 1179 972 1224; x_wconf 82' lang='lat' dir='ltr'><strong>maximum,</strong></span> <span class='ocrx_word' id='word_1_138' title='bbox 1002 1179 1108 1228; x_wconf 91' lang='lat' dir='ltr'><strong>quod</strong></span> <span class='ocrx_word' id='word_1_139' title='bbox 1138 1180 1209 1217; x_wconf 88' lang='lat' dir='ltr'><strong>iste</strong></span> <span class='ocrx_word' id='word_1_140' title='bbox 1245 1180 1273 1217; x_wconf 91' lang='lat' dir='ltr'><strong>si</strong></span> <span class='ocrx_word' id='word_1_141' title='bbox 1310 1187 1463 1230; x_wconf 85' lang='lat' dir='ltr'><strong>portare</strong></span> 
     </span>
     <span class='ocr_line' id='line_1_18' title="bbox 134 1243 845 1293; baseline 0.001 -12"><span class='ocrx_word' id='word_1_142' title='bbox 134 1244 330 1293; x_wconf 82' lang='lat' dir='ltr'><strong>potuisset,</strong></span> <span class='ocrx_word' id='word_1_143' title='bbox 353 1255 433 1280; x_wconf 91' lang='lat' dir='ltr'><strong>non</strong></span> <span class='ocrx_word' id='word_1_144' title='bbox 454 1243 666 1280; x_wconf 85' lang='lat' dir='ltr'><strong>dubitasset</strong></span> <span class='ocrx_word' id='word_1_145' title='bbox 687 1243 845 1282; x_wconf 87' lang='lat' dir='ltr'><strong>auferre.</strong></span> 
     </span>
    </p>

    <p class='ocr_par' dir='ltr' id='par_1_6' title="bbox 132 1308 1464 1491">
     <span class='ocr_line' id='line_1_19' title="bbox 190 1308 1464 1357; baseline 0.005 -13"><span class='ocrx_word' id='word_1_146' title='bbox 190 1322 223 1357; x_wconf 82' lang='lat'><strong>3.</strong></span> <span class='ocrx_word' id='word_1_147' title='bbox 255 1309 370 1346; x_wconf 90' lang='lat' dir='ltr'><strong>Nunc</strong></span> <span class='ocrx_word' id='word_1_148' title='bbox 391 1308 440 1345; x_wconf 85' lang='lat' dir='ltr'><strong>ad</strong></span> <span class='ocrx_word' id='word_1_149' title='bbox 462 1308 689 1345; x_wconf 82' lang='lat' dir='ltr'><strong>Marcellum</strong></span> <span class='ocrx_word' id='word_1_150' title='bbox 717 1316 892 1354; x_wconf 81' lang='lat' dir='ltr'><strong>revertar,</strong></span> <span class='ocrx_word' id='word_1_151' title='bbox 915 1322 964 1347; x_wconf 91' lang='lat' dir='ltr'><strong>ne</strong></span> <span class='ocrx_word' id='word_1_152' title='bbox 985 1309 1080 1347; x_wconf 81' lang='lat' dir='ltr'><strong>haec</strong></span> <span class='ocrx_word' id='word_1_153' title='bbox 1107 1322 1129 1347; x_wconf 84' lang='lat' dir='ltr'><strong>a</strong></span> <span class='ocrx_word' id='word_1_154' title='bbox 1149 1323 1211 1348; x_wconf 91' lang='lat' dir='ltr'><strong>me</strong></span> <span class='ocrx_word' id='word_1_155' title='bbox 1237 1311 1318 1349; x_wconf 88' lang='lat' dir='ltr'><strong>sine</strong></span> <span class='ocrx_word' id='word_1_156' title='bbox 1348 1324 1464 1350; x_wconf 87' lang='lat' dir='ltr'><strong>causa</strong></span> 
     </span>
     <span class='ocr_line' id='line_1_20' title="bbox 132 1374 1463 1426; baseline 0.002 -14"><span class='ocrx_word' id='word_1_157' title='bbox 132 1381 436 1412; x_wconf 89' lang='lat' dir='ltr'><strong>commemorata</strong></span> <span class='ocrx_word' id='word_1_158' title='bbox 465 1386 550 1411; x_wconf 87' lang='lat' dir='ltr'><strong>esse</strong></span> <span class='ocrx_word' id='word_1_159' title='bbox 579 1374 790 1412; x_wconf 88' lang='lat' dir='ltr'><strong>videantur.</strong></span> <span class='ocrx_word' id='word_1_160' title='bbox 849 1374 927 1421; x_wconf 86' lang='lat' dir='ltr'><strong>Qui</strong></span> <span class='ocrx_word' id='word_1_161' title='bbox 957 1388 1076 1424; x_wconf 90' lang='lat' dir='ltr'><strong>quum</strong></span> <span class='ocrx_word' id='word_1_162' title='bbox 1115 1382 1193 1413; x_wconf 90' lang='lat' dir='ltr'><strong>tam</strong></span> <span class='ocrx_word' id='word_1_163' title='bbox 1229 1377 1463 1426; x_wconf 87' lang='lat' dir='ltr'><strong>praeclaram</strong></span> 
     </span>
     <span class='ocr_line' id='line_1_21' title="bbox 132 1440 1460 1491; baseline 0.002 -14"><span class='ocrx_word' id='word_1_164' title='bbox 132 1441 267 1478; x_wconf 88' lang='lat' dir='ltr'><strong>urbem</strong></span> <span class='ocrx_word' id='word_1_165' title='bbox 292 1440 327 1476; x_wconf 91' lang='lat' dir='ltr'><strong>vi</strong></span> <span class='ocrx_word' id='word_1_166' title='bbox 357 1441 758 1489; x_wconf 79' lang='lat' dir='ltr'><strong>copiisque-cepisset,</strong></span> <span class='ocrx_word' id='word_1_167' title='bbox 786 1452 867 1477; x_wconf 86' lang='lat' dir='ltr'><strong>non</strong></span> <span class='ocrx_word' id='word_1_168' title='bbox 897 1441 1041 1489; x_wconf 85' lang='lat' dir='ltr'><strong>putavit</strong></span> <span class='ocrx_word' id='word_1_169' title='bbox 1068 1441 1117 1478; x_wconf 90' lang='lat' dir='ltr'><strong>ad</strong></span> <span class='ocrx_word' id='word_1_170' title='bbox 1143 1442 1296 1479; x_wconf 85' lang='lat' dir='ltr'><strong>laudem</strong></span> <span class='ocrx_word' id='word_1_171' title='bbox 1327 1442 1460 1491; x_wconf 88' lang='lat' dir='ltr'><strong>populi</strong></span> 
     </span>
    </p>

    <p class='ocr_par' dir='ltr' id='par_1_7' title="bbox 75 1507 1458 1817">
     <span class='ocr_line' id='line_1_22' title="bbox 75 1507 1458 1558; baseline 0.001 -13"><span class='ocrx_word' id='word_1_172' title='bbox 75 1513 117 1546; x_wconf 91' lang='lat'><strong>60</strong></span> <span class='ocrx_word' id='word_1_173' title='bbox 135 1507 303 1545; x_wconf 90' lang='lat' dir='ltr'><strong>Romani</strong></span> <span class='ocrx_word' id='word_1_174' title='bbox 323 1507 398 1545; x_wconf 89' lang='lat' dir='ltr'><strong>hoc</strong></span> <span class='ocrx_word' id='word_1_175' title='bbox 419 1507 620 1556; x_wconf 88' lang='lat' dir='ltr'><strong>pertinere,</strong></span> <span class='ocrx_word' id='word_1_176' title='bbox 642 1507 742 1544; x_wconf 91' lang='lat' dir='ltr'><strong>hanc</strong></span> <span class='ocrx_word' id='word_1_177' title='bbox 759 1508 1096 1557; x_wconf 86' lang='lat' dir='ltr'><strong>pulchritudinem,</strong></span> <span class='ocrx_word' id='word_1_178' title='bbox 1118 1521 1164 1545; x_wconf 81' lang='lat' dir='ltr'><strong>ex</strong></span> <span class='ocrx_word' id='word_1_179' title='bbox 1186 1522 1262 1558; x_wconf 83' lang='lat' dir='ltr'><strong>qua</strong></span> <span class='ocrx_word' id='word_1_180' title='bbox 1285 1522 1458 1558; x_wconf 86' lang='lat' dir='ltr'><strong>praeser-</strong></span> 
     </span>
     <span class='ocr_line' id='line_1_23' title="bbox 132 1573 1453 1625; baseline 0.002 -15"><span class='ocrx_word' id='word_1_181' title='bbox 132 1573 200 1610; x_wconf 90' lang='lat' dir='ltr'><strong>tim</strong></span> <span class='ocrx_word' id='word_1_182' title='bbox 219 1573 312 1610; x_wconf 93' lang='lat' dir='ltr'><strong>nihil</strong></span> <span class='ocrx_word' id='word_1_183' title='bbox 332 1573 488 1622; x_wconf 87' lang='lat' dir='ltr'><strong>periculi</strong></span> <span class='ocrx_word' id='word_1_184' title='bbox 503 1573 778 1617; x_wconf 89' lang='lat' dir='ltr'><strong>ostenderetur,</strong></span> <span class='ocrx_word' id='word_1_185' title='bbox 801 1574 925 1611; x_wconf 90' lang='lat' dir='ltr'><strong>delere</strong></span> <span class='ocrx_word' id='word_1_186' title='bbox 947 1581 984 1611; x_wconf 85' lang='lat' dir='ltr'><strong>et</strong></span> <span class='ocrx_word' id='word_1_187' title='bbox 1004 1575 1259 1624; x_wconf 80' lang='lat' dir='ltr'><strong>exstinguere.</strong></span> <span class='ocrx_word' id='word_1_188' title='bbox 1318 1576 1453 1625; x_wconf 88' lang='lat' dir='ltr'><strong>Itaque</strong></span> 
     </span>
     <span class='ocr_line' id='line_1_24' title="bbox 131 1639 1456 1690; baseline 0.002 -14"><span class='ocrx_word' id='word_1_189' title='bbox 131 1639 313 1677; x_wconf 85' lang='lat' dir='ltr'><strong>aedificiis</strong></span> <span class='ocrx_word' id='word_1_190' title='bbox 342 1639 522 1677; x_wconf 86' lang='lat' dir='ltr'><strong>omnibus</strong></span> <span class='ocrx_word' id='word_1_191' title='bbox 551 1639 712 1688; x_wconf 89' lang='lat' dir='ltr'><strong>publicis</strong></span> <span class='ocrx_word' id='word_1_192' title='bbox 740 1646 777 1677; x_wconf 85' lang='lat' dir='ltr'><strong>et</strong></span> <span class='ocrx_word' id='word_1_193' title='bbox 804 1640 968 1689; x_wconf 86' lang='lat' dir='ltr'><strong>privatis,</strong></span> <span class='ocrx_word' id='word_1_194' title='bbox 999 1641 1114 1678; x_wconf 89' lang='lat' dir='ltr'><strong>sacris</strong></span> <span class='ocrx_word' id='word_1_195' title='bbox 1141 1647 1177 1677; x_wconf 90' lang='lat' dir='ltr'><strong>et</strong></span> <span class='ocrx_word' id='word_1_196' title='bbox 1201 1640 1373 1690; x_wconf 80' lang='lat' dir='ltr'><strong>profanis</strong></span> <span class='ocrx_word' id='word_1_197' title='bbox 1402 1642 1456 1679; x_wconf 89' lang='lat' dir='ltr'><strong>sic</strong></span> 
     </span>
     <span class='ocr_line' id='line_1_25' title="bbox 131 1704 1458 1756; baseline 0.002 -14"><span class='ocrx_word' id='word_1_198' title='bbox 131 1705 313 1755; x_wconf 86' lang='lat' dir='ltr'><strong>pepercit,</strong></span> <span class='ocrx_word' id='word_1_199' title='bbox 335 1705 442 1754; x_wconf 84' lang='lat' dir='ltr'><strong>quasi</strong></span> <span class='ocrx_word' id='word_1_200' title='bbox 463 1704 512 1742; x_wconf 88' lang='lat' dir='ltr'><strong>ad</strong></span> <span class='ocrx_word' id='word_1_201' title='bbox 541 1717 587 1742; x_wconf 89' lang='lat' dir='ltr'><strong>ea</strong></span> <span class='ocrx_word' id='word_1_202' title='bbox 614 1704 857 1743; x_wconf 84' lang='lat' dir='ltr'><strong>defendenda</strong></span> <span class='ocrx_word' id='word_1_203' title='bbox 884 1706 1179 1752; x_wconf 68' lang='lat' dir='ltr'><strong>cumexercstu,</strong></span> <span class='ocrx_word' id='word_1_204' title='bbox 1203 1718 1282 1743; x_wconf 89' lang='lat' dir='ltr'><strong>non</strong></span> <span class='ocrx_word' id='word_1_205' title='bbox 1309 1719 1458 1756; x_wconf 81' lang='lat' dir='ltr'><strong>expug-</strong></span> 
     </span>
     <span class='ocr_line' id='line_1_26' title="bbox 131 1769 1454 1817; baseline 0.002 -11"><span class='ocrx_word' id='word_1_206' title='bbox 131 1770 260 1807; x_wconf 87' lang='lat' dir='ltr'><strong>nanda</strong></span> <span class='ocrx_word' id='word_1_207' title='bbox 285 1769 460 1807; x_wconf 83' lang='lat' dir='ltr'><strong>venisset.</strong></span> <span class='ocrx_word' id='word_1_208' title='bbox 518 1770 566 1807; x_wconf 90' lang='lat' dir='ltr'><strong>In</strong></span> <span class='ocrx_word' id='word_1_209' title='bbox 592 1776 730 1807; x_wconf 88' lang='lat' dir='ltr'><strong>ornatu</strong></span> <span class='ocrx_word' id='word_1_210' title='bbox 757 1771 861 1808; x_wconf 89' lang='lat' dir='ltr'><strong>urbis</strong></span> <span class='ocrx_word' id='word_1_211' title='bbox 892 1770 1023 1807; x_wconf 81' lang='lat' dir='ltr'><strong>habuit</strong></span> <span class='ocrx_word' id='word_1_212' title='bbox 1044 1771 1222 1808; x_wconf 83' lang='lat' dir='ltr'><strong>victoriae</strong></span> <span class='ocrx_word' id='word_1_213' title='bbox 1253 1772 1454 1817; x_wconf 86' lang='lat' dir='ltr'><strong>rationem,</strong></span> 
     </span>
    </p>

    <p class='ocr_par' dir='ltr' id='par_1_8' title="bbox 71 1834 1455 2150">
     <span class='ocr_line' id='line_1_27' title="bbox 71 1834 1454 1885; baseline 0.001 -12"><span class='ocrx_word' id='word_1_214' title='bbox 71 1841 111 1884; x_wconf 85' lang='lat'><strong>65</strong></span> <span class='ocrx_word' id='word_1_215' title='bbox 130 1835 262 1873; x_wconf 83' lang='lat' dir='ltr'><strong>habuit</strong></span> <span class='ocrx_word' id='word_1_216' title='bbox 289 1834 544 1873; x_wconf 87' lang='lat' dir='ltr'><strong>humanitatis.</strong></span> <span class='ocrx_word' id='word_1_217' title='bbox 601 1835 796 1873; x_wconf 86' lang='lat' dir='ltr'><strong>Victoriae</strong></span> <span class='ocrx_word' id='word_1_218' title='bbox 824 1837 983 1885; x_wconf 86' lang='lat' dir='ltr'><strong>putabat</strong></span> <span class='ocrx_word' id='word_1_219' title='bbox 1010 1848 1104 1882; x_wconf 87' lang='lat' dir='ltr'><strong>esse,</strong></span> <span class='ocrx_word' id='word_1_220' title='bbox 1136 1837 1256 1874; x_wconf 86' lang='lat' dir='ltr'><strong>multa</strong></span> <span class='ocrx_word' id='word_1_221' title='bbox 1286 1837 1454 1874; x_wconf 85' lang='lat' dir='ltr'><strong>Romam</strong></span> 
     </span>
     <span class='ocr_line' id='line_1_28' title="bbox 131 1902 1454 1951; baseline 0.001 -11"><span class='ocrx_word' id='word_1_222' title='bbox 131 1902 344 1951; x_wconf 84' lang='lat' dir='ltr'><strong>deportare,</strong></span> <span class='ocrx_word' id='word_1_223' title='bbox 371 1913 470 1951; x_wconf 88' lang='lat' dir='ltr'><strong>quae</strong></span> <span class='ocrx_word' id='word_1_224' title='bbox 497 1909 725 1940; x_wconf 87' lang='lat' dir='ltr'><strong>ornamento</strong></span> <span class='ocrx_word' id='word_1_225' title='bbox 752 1903 837 1940; x_wconf 90' lang='lat' dir='ltr'><strong>urbi</strong></span> <span class='ocrx_word' id='word_1_226' title='bbox 864 1915 947 1940; x_wconf 83' lang='lat' dir='ltr'><strong>esse</strong></span> <span class='ocrx_word' id='word_1_227' title='bbox 970 1909 1154 1951; x_wconf 83' lang='lat' dir='ltr'><strong>possent;</strong></span> <span class='ocrx_word' id='word_1_228' title='bbox 1195 1903 1454 1950; x_wconf 86' lang='lat' dir='ltr'><strong>humanitatis,</strong></span> 
     </span>
     <span class='ocr_line' id='line_1_29' title="bbox 130 1967 1454 2017; baseline 0.002 -13"><span class='ocrx_word' id='word_1_229' title='bbox 130 1979 210 2005; x_wconf 93' lang='lat' dir='ltr'><strong>non</strong></span> <span class='ocrx_word' id='word_1_230' title='bbox 238 1967 352 2016; x_wconf 86' lang='lat' dir='ltr'><strong>plane</strong></span> <span class='ocrx_word' id='word_1_231' title='bbox 383 1967 598 2016; x_wconf 85' lang='lat' dir='ltr'><strong>exspoliare</strong></span> <span class='ocrx_word' id='word_1_232' title='bbox 627 1969 774 2013; x_wconf 87' lang='lat' dir='ltr'><strong>urbem,</strong></span> <span class='ocrx_word' id='word_1_233' title='bbox 814 1968 1037 2016; x_wconf 81' lang='lat' dir='ltr'><strong>praesertim</strong></span> <span class='ocrx_word' id='word_1_234' title='bbox 1069 1981 1186 2017; x_wconf 86' lang='lat' dir='ltr'><strong>quam</strong></span> <span class='ocrx_word' id='word_1_235' title='bbox 1225 1981 1454 2008; x_wconf 87' lang='lat' dir='ltr'><strong>conservare</strong></span> 
     </span>
     <span class='ocr_line' id='line_1_30' title="bbox 130 2031 1455 2082; baseline 0.002 -12"><span class='ocrx_word' id='word_1_236' title='bbox 130 2033 322 2072; x_wconf 89' lang='lat' dir='ltr'><strong>voluisset.</strong></span> <span class='ocrx_word' id='word_1_237' title='bbox 380 2031 426 2069; x_wconf 91' lang='lat' dir='ltr'><strong>In</strong></span> <span class='ocrx_word' id='word_1_238' title='bbox 446 2032 518 2071; x_wconf 87' lang='lat' dir='ltr'><strong>hac</strong></span> <span class='ocrx_word' id='word_1_239' title='bbox 547 2033 749 2082; x_wconf 80' lang='lat' dir='ltr'><strong>partitione</strong></span> <span class='ocrx_word' id='word_1_240' title='bbox 777 2040 934 2070; x_wconf 86' lang='lat' dir='ltr'><strong>ornatus</strong></span> <span class='ocrx_word' id='word_1_241' title='bbox 963 2045 1042 2070; x_wconf 89' lang='lat' dir='ltr'><strong>non</strong></span> <span class='ocrx_word' id='word_1_242' title='bbox 1063 2034 1147 2082; x_wconf 84' lang='lat' dir='ltr'><strong>plus</strong></span> <span class='ocrx_word' id='word_1_243' title='bbox 1168 2034 1326 2073; x_wconf 86' lang='lat' dir='ltr'><strong>victoria</strong></span> <span class='ocrx_word' id='word_1_244' title='bbox 1351 2036 1455 2073; x_wconf 85' lang='lat' dir='ltr'><strong>Mar-</strong></span> 
     </span>
     <span class='ocr_line' id='line_1_31' title="bbox 130 2097 1454 2150; baseline 0.002 -14"><span class='ocrx_word' id='word_1_245' title='bbox 130 2098 214 2136; x_wconf 91' lang='lat' dir='ltr'><strong>celli</strong></span> <span class='ocrx_word' id='word_1_246' title='bbox 234 2097 379 2148; x_wconf 92' lang='lat' dir='ltr'><strong>populo</strong></span> <span class='ocrx_word' id='word_1_247' title='bbox 407 2097 587 2136; x_wconf 87' lang='lat' dir='ltr'><strong>Romano</strong></span> <span class='ocrx_word' id='word_1_248' title='bbox 609 2098 799 2148; x_wconf 86' lang='lat' dir='ltr'><strong>appetivit,</strong></span> <span class='ocrx_word' id='word_1_249' title='bbox 822 2111 938 2147; x_wconf 88' lang='lat' dir='ltr'><strong>quam</strong></span> <span class='ocrx_word' id='word_1_250' title='bbox 968 2098 1183 2137; x_wconf 89' lang='lat' dir='ltr'><strong>humanitas</strong></span> <span class='ocrx_word' id='word_1_251' title='bbox 1207 2100 1454 2150; x_wconf 78' lang='lat' dir='ltr'><strong>Syracusanis</strong></span> 
     </span>
    </p>

    <p class='ocr_par' dir='ltr' id='par_1_9' title="bbox 72 2163 1453 2408">
     <span class='ocr_line' id='line_1_32' title="bbox 72 2163 1453 2214; baseline 0 -10"><span class='ocrx_word' id='word_1_252' title='bbox 72 2179 112 2213; x_wconf 89' lang='lat'><strong>70</strong></span> <span class='ocrx_word' id='word_1_253' title='bbox 129 2164 342 2202; x_wconf 87' lang='lat' dir='ltr'><strong>reservavit.</strong></span> <span class='ocrx_word' id='word_1_254' title='bbox 401 2163 568 2201; x_wconf 84' lang='lat' dir='ltr'><strong>Romam</strong></span> <span class='ocrx_word' id='word_1_255' title='bbox 589 2177 687 2214; x_wconf 91' lang='lat' dir='ltr'><strong>quae</strong></span> <span class='ocrx_word' id='word_1_256' title='bbox 714 2171 909 2212; x_wconf 83' lang='lat' dir='ltr'><strong>asportata</strong></span> <span class='ocrx_word' id='word_1_257' title='bbox 936 2171 1023 2201; x_wconf 83' lang='lat' dir='ltr'><strong>sunt</strong></span> <span class='ocrx_word' id='word_1_258' title='bbox 1044 2165 1092 2202; x_wconf 85' lang='lat' dir='ltr'><strong>ad</strong></span> <span class='ocrx_word' id='word_1_259' title='bbox 1119 2166 1255 2203; x_wconf 89' lang='lat' dir='ltr'><strong>aedem</strong></span> <span class='ocrx_word' id='word_1_260' title='bbox 1277 2166 1453 2204; x_wconf 85' lang='lat' dir='ltr'><strong>Honoris</strong></span> 
     </span>
     <span class='ocr_line' id='line_1_33' title="bbox 131 2229 1451 2279; baseline 0.004 -13"><span class='ocrx_word' id='word_1_261' title='bbox 131 2235 245 2279; x_wconf 87' lang='lat' dir='ltr'><strong>atque</strong></span> <span class='ocrx_word' id='word_1_262' title='bbox 274 2229 433 2266; x_wconf 86' lang='lat' dir='ltr'><strong>Virtutis</strong></span> <span class='ocrx_word' id='word_1_263' title='bbox 471 2229 639 2278; x_wconf 87' lang='lat' dir='ltr'><strong>itemque</strong></span> <span class='ocrx_word' id='word_1_264' title='bbox 679 2230 760 2267; x_wconf 84' lang='lat' dir='ltr'><strong>aliis</strong></span> <span class='ocrx_word' id='word_1_265' title='bbox 799 2230 836 2266; x_wconf 92' lang='lat' dir='ltr'><strong>in</strong></span> <span class='ocrx_word' id='word_1_266' title='bbox 875 2230 969 2267; x_wconf 90' lang='lat' dir='ltr'><strong>locis</strong></span> <span class='ocrx_word' id='word_1_267' title='bbox 1013 2231 1199 2270; x_wconf 84' lang='lat' dir='ltr'><strong>videmus.</strong></span> <span class='ocrx_word' id='word_1_268' title='bbox 1269 2232 1374 2269; x_wconf 90' lang='lat' dir='ltr'><strong>Nihil</strong></span> <span class='ocrx_word' id='word_1_269' title='bbox 1412 2234 1451 2271; x_wconf 91' lang='lat' dir='ltr'><strong>in</strong></span> 
     </span>
     <span class='ocr_line' id='line_1_34' title="bbox 130 2293 1449 2345; baseline 0.003 -15"><span class='ocrx_word' id='word_1_270' title='bbox 130 2293 300 2338; x_wconf 87' lang='lat' dir='ltr'><strong>aedibus,</strong></span> <span class='ocrx_word' id='word_1_271' title='bbox 331 2293 422 2330; x_wconf 85' lang='lat' dir='ltr'><strong>nihil</strong></span> <span class='ocrx_word' id='word_1_272' title='bbox 452 2293 490 2330; x_wconf 93' lang='lat' dir='ltr'><strong>in</strong></span> <span class='ocrx_word' id='word_1_273' title='bbox 517 2293 635 2331; x_wconf 88' lang='lat' dir='ltr'><strong>hortis</strong></span> <span class='ocrx_word' id='word_1_274' title='bbox 659 2294 799 2343; x_wconf 83' lang='lat' dir='ltr'><strong>posuit,</strong></span> <span class='ocrx_word' id='word_1_275' title='bbox 829 2294 919 2331; x_wconf 90' lang='lat' dir='ltr'><strong>nihil</strong></span> <span class='ocrx_word' id='word_1_276' title='bbox 949 2295 987 2332; x_wconf 90' lang='lat' dir='ltr'><strong>in</strong></span> <span class='ocrx_word' id='word_1_277' title='bbox 1018 2297 1264 2334; x_wconf 86' lang='lat' dir='ltr'><strong>suburbano:</strong></span> <span class='ocrx_word' id='word_1_278' title='bbox 1295 2299 1449 2345; x_wconf 87' lang='lat' dir='ltr'><strong>putavit,</strong></span> 
     </span>
     <span class='ocr_line' id='line_1_35' title="bbox 130 2358 1449 2408; baseline 0.003 -12"><span class='ocrx_word' id='word_1_279' title='bbox 130 2358 161 2397; x_wconf 88' lang='lat' dir='ltr'><strong>si</strong></span> <span class='ocrx_word' id='word_1_280' title='bbox 183 2358 300 2397; x_wconf 87' lang='lat' dir='ltr'><strong>Urbis</strong></span> <span class='ocrx_word' id='word_1_281' title='bbox 328 2366 554 2397; x_wconf 89' lang='lat' dir='ltr'><strong>ornamenta</strong></span> <span class='ocrx_word' id='word_1_282' title='bbox 581 2359 741 2397; x_wconf 89' lang='lat' dir='ltr'><strong>domum</strong></span> <span class='ocrx_word' id='word_1_283' title='bbox 771 2372 880 2397; x_wconf 84' lang='lat' dir='ltr'><strong>suam</strong></span> <span class='ocrx_word' id='word_1_284' title='bbox 909 2372 989 2397; x_wconf 90' lang='lat' dir='ltr'><strong>non</strong></span> <span class='ocrx_word' id='word_1_285' title='bbox 1020 2361 1255 2408; x_wconf 84' lang='lat' dir='ltr'><strong>contulisset,</strong></span> <span class='ocrx_word' id='word_1_286' title='bbox 1288 2362 1449 2400; x_wconf 90' lang='lat' dir='ltr'><strong>domum</strong></span> 
     </span>
    </p>
   </div>
  </div>
 </body>
</html>
