1587 2533
119 101 171 141 26
453 105 698 137 EXTRACTS
726 106 862 137 FRoM
890 107 1065 139 CICERO.

117 199 329 249 improvida
367 205 487 236 aetate
525 199 706 236 irretierat
744 199 883 244 erratis,
923 208 1044 248 eaque
1092 200 1345 246 commiserat,
1384 210 1423 237 ut

117 266 240 303 salvus
273 276 357 302 esse
390 276 470 301 non
504 270 643 312 posset,
679 264 708 301 si
743 275 857 301 sanus
892 277 976 301 esse
1010 265 1209 313 coepisset.
1267 265 1424 312 Quanto

117 343 232 380 opere
263 341 352 367 vero
388 329 571 366 amicitias
605 328 844 373 desideraret,
878 341 1039 377 quarum
1070 329 1328 368 infidelitatem
1362 343 1425 368 ex-

115 396 348 440 timescebat,
381 394 580 432 declaravit
613 394 652 430 in
685 392 931 442 Pythagoreis
969 394 1118 431 duobus
1151 395 1232 440 illis,
1264 407 1426 445 quorum

117 473 235 510 quum
256 460 414 497 alterum
434 459 570 496 vadem
589 459 721 496 mortis
741 459 961 507 accepisset,
979 459 1081 504 alter,
1101 466 1142 496 ut
1161 460 1296 497 vadem
1317 472 1426 497 suum
1446 474 1484 505 70

115 526 298 570 liberaret,
321 530 471 574 praesto
500 524 631 561 fuisset
659 523 707 561 ad
736 523 869 560 horam
898 525 1296 574 mortis'destinatam
1324 525 1427 562 ‘Uti-

116 603 206 627 nam
236 590 332 638 ego‚'
353 589 486 638 inquit,
509 589 661 626 ‘tertius
680 589 797 635 vobis
825 589 970 626 amicus
1001 589 1243 635 ascribererl'
1300 576 1429 636 Quam
1452 579 1455 581 ‚

115 644 203 693 Huic
232 661 310 692 erat
338 654 518 691 miserum
549 665 675 690 carere
705 654 981 691 consuetudine
1007 655 1228 700 amicorum,
1249 655 1428 692 societate

115 721 246 765 victus,
277 730 454 757 sermone
483 718 642 756 omnino
672 717 854 763 familiari,
885 717 1030 755 homini
1065 719 1286 767 praesertim
1314 719 1428 757 docto

114 798 138 824 a
162 797 281 836 puero
310 790 346 821 et
374 784 514 821 artibus
544 783 719 832 ingenuis
748 783 916 820 erudito!
975 783 1215 821 Musicorum
1235 796 1323 821 vero
1344 796 1428 833 per·
1447 798 1485 832 75

115 852 328 890 studiosum
348 849 576 898 accepimus,
594 855 747 897 poetam
768 849 882 885 etiarn
904 850 1109 897 tragicum:
1137 861 1253 898 quarn
1269 851 1428 895 bonum,

115 917 207 954 nihil
233 916 281 953 ad
307 927 399 952 rem.
455 914 501 951 In
528 914 601 951 hoc
629 914 730 951 enim
751 927 890 963 genere
911 915 1042 952 nescio
1064 927 1140 963 quo
1160 921 1273 965 pacto
1293 916 1426 964 magis,

115 994 231 1032 quam
259 982 298 1018 in
327 980 418 1025 aliis,
440 991 550 1017 suurn
580 980 716 1029 cuique
745 979 945 1029 pulchrum
975 988 1052 1025 est;
1093 980 1215 1018 adhuc
1235 981 1427 1018 neminem

116 1047 278 1096 cognovi
312 1051 477 1095 poetam,
509 1043 563 1095 (et
596 1045 687 1081 mihi
717 1044 786 1082 fuit
815 1057 902 1082 cum
936 1045 1105 1095 Aquinio
1143 1046 1332 1093 amicitia,)
1364 1045 1427 1095 qui

116 1114 185 1151 sibi
220 1124 300 1150 non
333 1111 500 1160 optimus
531 1110 741 1155 videretur;
782 1111 835 1148 sic
870 1123 909 1148 se
939 1123 997 1148 res
1027 1111 1160 1148 habet:
1200 1118 1235 1148 te
1263 1117 1337 1156 tua,
1366 1122 1429 1148 me
1447 1119 1488 1148 80

116 1179 304 1216 delectant
330 1188 427 1213 mea.
487 1174 574 1220 Sed,
594 1181 633 1212 ut
655 1175 703 1212 ad
723 1175 950 1225 Dionysium
970 1176 1179 1222 redeamus,
1201 1177 1307 1213 omni
1327 1176 1428 1213 cultu

117 1252 152 1282 et
183 1245 281 1281 victu
316 1242 485 1279 humano
516 1241 690 1278 carebat:
730 1241 878 1278 vivebat
909 1253 996 1278 cum
1026 1242 1199 1290 fugitivis,
1226 1253 1312 1278 cum
1339 1241 1429 1278 faci-

117 1309 278 1354 norosis,
314 1320 399 1345 cum
430 1307 621 1344 barbaris:
663 1307 868 1352 neminem,
896 1308 960 1356 qui
987 1314 1049 1344 aut
1086 1307 1254 1344 libertate
1292 1307 1430 1355 dignus

119 1382 218 1413 esset
257 1380 320 1411 aut
360 1372 468 1410 vellet
506 1373 666 1409 omnino
704 1372 798 1409 liber
835 1384 930 1419 esse,
965 1373 1035 1409 sibi
1073 1373 1238 1410 amicum
1277 1372 1430 1410 arbitra-

117 1442 237 1478 batur.
1447 1441 1487 1482 85

470 1580 539 1615 28.
580 1575 739 1625 Hunger
767 1574 823 1613 the
851 1575 925 1613 best
950 1575 1078 1615 Sauce.

171 1699 310 1737 Darius
343 1697 382 1735 in
417 1697 518 1745 fuga,
553 1709 671 1747 quum
709 1709 849 1747 aquam
887 1698 1077 1734 turbidam
1114 1703 1151 1734 et
1188 1696 1432 1735 cadaveribus

117 1765 353 1814 inquinatam
388 1763 557 1808 bibisset,
587 1763 738 1811 negavit
766 1774 948 1812 umquam
979 1775 1019 1799 se
1049 1763 1188 1799 bibisse
1217 1763 1431 1800 iucundius.

118 1830 341 1878 Numquam
376 1827 547 1866 videlicet
586 1828 714 1865 sitiens
752 1828 906 1865 biberat.
978 1827 1062 1865 Nec
1100 1828 1268 1865 esuriens
1306 1825 1436 1864 Ptole-'

117 1906 249 1932 maeus
283 1893 432 1930 ederat:
473 1894 533 1930 cui
565 1905 683 1942 quum
716 1893 931 1942 peragranti
964 1893 1195 1942 Aegyptum,
1229 1893 1431 1930 comitibus

118 1972 198 1997 non
236 1959 461 2004 consecutis,
497 1959 658 1996 cibarius
696 1959 735 1995 in
773 1970 862 1995 casa
899 1958 1008 2007 panis
1047 1958 1156 1994 datus
1195 1964 1306 2003 esset,
1342 1957 1468 2004 nihil5

117 2026 238 2063 visum
276 2030 333 2061 est
370 2023 433 2060 illo
473 2036 573 2072 pane
611 2024 823 2061 iucundius.
899 2023 1095 2061 Socratem
1138 2023 1273 2069 ferunt,
1314 2035 1432 2072 quum

117 2103 238 2139 usque
285 2089 334 2126 ad
377 2101 575 2137 vesperum
627 2089 839 2126 contentius
887 2089 1106 2134 ambularet,
1144 2089 1432 2137 quaesitumque

118 2163 218 2193 esset
251 2168 297 2192 ex
333 2166 379 2193 eo
411 2166 527 2203 quare
561 2154 599 2191 id
633 2155 782 2201 faceret,
817 2155 1073 2204 respondisse,
1105 2166 1155 2199 se,
1187 2166 1263 2203 quo
1297 2154 1431 2191 melius

119 2227 307 2266 caenaret,
355 2221 547 2257 obsonare
594 2220 826 2257 ambulando
873 2220 1024 2257 famem.
1110 2219 1240 2265 Quid?
1293 2220 1430 2255 victum

121 2285 517 2323 Lacedaemoniorum
548 2285 586 2322 in
615 2285 768 2333 philitiis
799 2296 928 2322 nonne
957 2284 1154 2321 videmus?
1210 2283 1287 2320 Ubi
1315 2295 1432 2332 quum
1454 2295 1492 2316 10

119 2359 301 2400 tyrannus
338 2350 569 2387 caenavisset
602 2349 819 2397 Dionysius,
853 2350 1005 2397 negavit
1038 2361 1078 2386 se
1109 2349 1187 2385 iure
1218 2348 1290 2385 illo
1311 2349 1432 2396 nigro,
