1587 2533
526 691 928 741 SECTION
996 695 1095 745 IV.

335 896 736 940 BEAUTIES
791 899 882 941 OF
934 900 1275 943 NATURE.

192 1061 223 1095 1.
254 1056 451 1097 PR1Ncn210
472 1065 570 1096 terra
588 1060 764 1098 universa
784 1068 969 1106 cernatur,
984 1061 1109 1099 locata
1123 1063 1163 1100 in
1183 1064 1310 1101 media
1326 1067 1459 1103 mundi

140 1123 242 1168 sede,
273 1124 396 1161 solida
432 1130 470 1161 et
502 1124 677 1174 globosa,
711 1126 845 1163 vestita
878 1126 1047 1171 floribus,
1079 1127 1217 1173 herbis,
1248 1129 1457 1176 arboribus,

137 1187 321 1237 frugibus,
356 1201 521 1238 quorum
551 1191 725 1227 omnium
760 1190 993 1228 incredibilis
1026 1192 1230 1230 multitudo
1257 1194 1458 1232 insatiabili

137 1254 315 1291 varietate
345 1255 598 1304 distinguitur.
657 1255 769 1292 Adde
799 1255 873 1293 huc
902 1255 1066 1293 fontium
1092 1258 1240 1306 gelidas
1268 1260 1458 1308 peremni-

99 1334 115 1364 5
137 1324 244 1365 tates,
265 1319 432 1368 liquores
452 1320 670 1369 perlucidos
697 1321 879 1365 amnium,
900 1321 1068 1370 riparum
1095 1323 1251 1360 vestitus
1279 1324 1456 1362 viridissi-

135 1394 233 1430 mos,
254 1384 523 1433 speluncarum
549 1396 739 1422 concavas
758 1385 987 1431 altitudines,
1009 1397 1189 1424 saxorum
1220 1390 1454 1438 asperitates,

134 1448 438 1497 impendentium
476 1450 667 1486 montium
706 1450 922 1487 altitudines
961 1451 1315 1503 immensitatesque
1353 1467 1456 1493 cam-

133 1526 293 1563 porum;
332 1514 432 1552 adde
467 1515 582 1552 etiam
612 1515 831 1552 reconditas
860 1515 942 1553 auri
972 1518 1198 1567 argentique
1226 1531 1343 1557 venas
1371 1521 1454 1558 infi-

133 1579 327 1630 nitamque
346 1580 424 1616 vim
449 1580 662 1617 marmoris.
722 1579 834 1626 Quae
862 1593 953 1619 vero
983 1588 1020 1618 et
1044 1594 1161 1631 quam
1184 1585 1286 1622 varia
1311 1596 1455 1633 genera

77 1662 114 1682 10
131 1645 339 1682 bestiarum
371 1645 430 1683 vel
461 1645 632 1683 cicurum
665 1646 723 1683 vel
761 1645 946 1684 ferarum!
989 1649 1053 1697 qui
1092 1648 1288 1686 volucrum
1325 1651 1453 1700 lapsus

132 1716 246 1760 atque
271 1712 425 1748 cantus!
469 1710 534 1759 qui
564 1711 758 1759 pecudum
782 1713 935 1760 pastus!
976 1724 1076 1762 quae
1103 1714 1177 1750 vita
1203 1714 1450 1753 silvestrium!

131 1774 238 1822 Quid
268 1775 347 1812 iam
377 1775 425 1812 de
454 1775 657 1813 hominum
685 1788 826 1825 genere
857 1776 1009 1813 dicam?
1049 1778 1112 1827 qui
1144 1779 1253 1826 quasi
1285 1780 1449 1819 cultores

130 1847 249 1878 terrae
270 1841 463 1878 constituti
475 1853 555 1878 non
575 1841 768 1890 patiuntur
788 1853 873 1878 eam
894 1853 965 1878 nec
981 1842 1218 1880 immanitate
1238 1844 1450 1883 belluarum

128 1905 274 1943 efferari
294 1917 366 1943 nec
393 1894 565 1954 stirpium
585 1906 786 1954 asperitate
807 1907 967 1944 vastari:
999 1918 1240 1957 quorumque
1267 1910 1450 1957 operibus

72 1990 104 2020 ¹5
127 1971 207 2019 agri
227 1970 373 2008 insulae
402 1970 603 2020 littoraque
630 1971 835 2016 collucent,
858 1972 1035 2009 distincta
1066 1972 1174 2010 tectis
1208 1979 1245 2010 et
1273 1976 1447 2014 urbibus.

127 2035 238 2082 Quae
260 2036 301 2081 si,
316 2042 357 2073 ut
376 2036 525 2082 animis,
539 2036 594 2074 sic
614 2036 735 2074 oculis
756 2037 882 2074 videre
897 2049 1111 2086 possemuS,
1129 2050 1246 2076 nemo
1267 2047 1447 2078 cunctam

124 2101 275 2142 intuens
295 2106 433 2138 terram
454 2100 501 2138 de
522 2101 647 2138 divina
667 2102 813 2138 ratione
835 2102 1033 2140 dubitaret.

177 2171 213 2205 2.
244 2166 295 2203 At
325 2177 416 2203 vero
447 2172 592 2216 quanta
622 2167 738 2204 maris
772 2173 829 2204 est
856 2167 1118 2216 pulchritudo!
1159 2181 1258 2218 quae
1297 2171 1444 2219 species

120 2231 303 2269 universi!
339 2242 438 2280 quae
461 2231 665 2268 multitudo
686 2238 722 2269 et
741 2233 901 2270 varietas
925 2232 1159 2272 insularum!
1189 2246 1288 2283 quae
1314 2247 1443 2273 amoe-

61 2313 102 2335 20
122 2296 258 2334 nitates
289 2307 442 2334 orarum
475 2308 519 2334 ac
553 2296 750 2334 littorum?
780 2304 874 2346 quot
895 2310 1037 2346 genera
1064 2311 1257 2349 quamque
1278 2299 1443 2349 disparia

121 2362 258 2412 partim
278 2362 571 2407 submersarum,
593 2363 730 2412 partim
752 2362 977 2401 fluitantium
998 2371 1035 2402 et
1056 2365 1271 2404 innantium
1298 2366 1442 2404 bellua-
