1587 2533
571 113 730 144 G'REEK
758 112 1041 145 ANECDOTES.
1411 112 1463 156 25

147 206 367 255 concionari
386 219 434 245 ex
453 207 544 244 turri
563 206 638 244 alta
658 206 814 244 solebat.
872 206 999 255 Atque
1028 206 1060 243 is
1089 217 1207 255 quum
1234 205 1311 254 pila
1335 205 1463 243 ludere

147 271 258 310 vellet
297 270 484 320 (studiose
524 272 627 308 enim
669 271 708 308 id
751 270 960 319 factitabat)
1005 271 1250 319 tunicamque
1291 277 1462 319 poneret,

148 337 434 375 adolescentulo
454 337 653 375 tradidisse
674 337 843 386 gladium
863 336 1008 374 dicitur.
1066 336 1142 374 Hic
1162 349 1281 386 quum
1308 337 1464 386 quidam

89 412 128 444 35
147 402 340 440 familiaris
372 403 505 440 iocans
539 402 706 448 dixisset,
741 402 866 439 ‘Huic
905 402 1059 452 quidem
1089 408 1189 440 certe
1217 403 1332 439 vitam
1359 409 1464 440 tuam

147 467 376 514 committis‚'
406 467 666 517 arrisissetque
697 467 935 513 adolescens,
970 473 1173 516 utrumque
1212 467 1318 505 iussit
1351 468 1464 505 inter-

146 533 218 580 fici,
253 533 423 579 alterum,
463 533 552 583 quia
591 533 691 570 viam
729 533 1066 571 demonstravisset
1103 534 1345 571 interimendi
1384 535 1462 581 sui;

146 598 317 645 alterum,
339 599 427 648 quia
447 599 590 636 dictum
609 598 648 636 id
667 599 744 636 risu
769 599 1068 648 approbavisset.
1127 600 1258 648 Atque
1286 611 1334 637 eo
1362 599 1464 638 facto

147 664 201 702 sic
229 664 358 710 doluit,
387 664 479 701 nihil
507 670 548 701 ut
575 664 698 701 tulerit
726 664 877 713 gravius
906 664 944 700 in
974 664 1056 701 vita.
1116 664 1178 702 Sic
1207 664 1465 703 distrahuntur

88 743 130 774 40
146 729 186 767 in
220 730 428 767 contrarias
461 736 587 779 partes
618 729 888 779 impotentium
920 730 1156 779 cupiditates.
1215 728 1348 776 Quum
1376 731 1465 770 huic

147 796 352 833 obsecutus
373 795 435 842 sis,
455 795 506 832 illi
526 800 582 832 est
602 795 907 844 repugnandum.
958 794 1207 845 Quamquam
1227 795 1289 833 hic
1309 796 1464 846 quidem

146 868 327 911 tyrannus
364 862 447 911 ipse
484 861 662 899 indicavit
700 873 816 910 quam
854 867 955 898 esset
991 861 1134 899 beatus.
1202 860 1307 899 Nam
1344 875 1464 912 quum

146 926 303 976 quidam
326 939 373 964 ex
402 927 482 965 eius
511 927 810 964 assentatoribus
838 926 1049 964 Damocles
1079 935 1400 965 commemoraret
1425 929 1464 966 in

146 1005 324 1031 sermone
357 993 491 1042 copias
525 993 618 1038 eius,
653 1004 760 1042 opes,
794 993 1032 1030 maiestatem
1071 993 1302 1039 dominatus,
1338 1007 1464 1033 rerum

87 1073 125 1105 45
145 1059 430 1104 abundantiam,
460 1059 786 1108 magnificentiam
815 1058 968 1096 aedium
1001 1060 1201 1109 regiarum,
1231 1068 1464 1111 negaretque

143 1137 328 1174 umquam
355 1125 567 1162 beatiorem
593 1136 827 1174 quemquam
850 1124 989 1162 fuisse:
1011 1128 1019 1143 ‘
1033 1124 1155 1163 Visne
1174 1125 1310 1175 igitur‚'
1331 1128 1463 1178 inquit,

145 1191 365 1238 ‘Damocle‚
405 1191 588 1241 quoniam
624 1191 719 1229 haec
755 1197 792 1229 te
829 1191 904 1228 vita
946 1191 1118 1237 delectat,
1161 1192 1242 1241 ipse
1285 1194 1464 1233 eamdem

144 1257 346 1307 degustare
366 1263 403 1294 et
422 1257 614 1295 fortunam
633 1256 794 1306 experiri
812 1269 940 1294 meam
953 1254 982 1294 ?’
1032 1256 1164 1303 Quum
1185 1270 1226 1296 se
1244 1258 1305 1296 ille
1325 1271 1464 1309 cupere

144 1322 311 1368 dixisset,
333 1322 512 1360 collocari
536 1322 642 1360 iussit
666 1322 864 1360 hominem
893 1323 933 1359 in
961 1334 1078 1360 aureo
1104 1323 1215 1369 lecto,
1236 1330 1355 1362 strato
1379 1325 1462 1374 pul-

85 1400 126 1432 50
143 1387 328 1426 cherrime
356 1388 474 1425 textili
504 1388 684 1437 stragulo,
713 1388 927 1437 magnificis
957 1388 1136 1437 operibus
1165 1390 1281 1438 picto,
1301 1391 1462 1429 abacos·

142 1466 218 1503 que
248 1453 466 1503 complures
494 1453 638 1491 ornavit
667 1459 826 1502 argento
856 1465 1026 1503 auroque
1064 1453 1221 1492 caelato.
1278 1454 1383 1493 Tum
1412 1457 1462 1495 ad

141 1531 317 1557 mensam
343 1519 483 1556 eximia
508 1518 633 1556 forma
655 1530 797 1567 pueros
819 1518 988 1557 delectos
1007 1519 1115 1557 iussit
1135 1519 1356 1567 consistere,
1377 1534 1461 1559 eos-

141 1597 216 1635 que
249 1591 386 1622 nutum
419 1584 516 1622 illius
548 1584 740 1622 intuentes
773 1584 973 1633 diligenter
1010 1585 1233 1622 ministrare.
1288 1585 1461 1625 Aderant

140 1655 348 1699 unguenta,
369 1662 556 1688 coronae:
590 1649 893 1687 incendebantur
921 1650 1084 1688 odores:
1118 1662 1275 1688 mensae
1301 1652 1460 1701 conqui-

81 1731 121 1764 55
140 1715 327 1754 sitissimis
366 1715 487 1765 epulis
524 1715 824 1753 exstruebantur.
883 1714 1113 1761 Eortunatus
1147 1715 1227 1754 sibi.
1248 1716 1463 1756 Damocles

139 1781 356 1832 fidebatur„
413 1781 462 1818 In
494 1781 569 1819 hoc
602 1781 732 1819 medio
766 1781 1193 1830 apparatu'fulgentem
1226 1783 1406 1832 gladium,
1437 1797 1460 1823 e

138 1847 307 1886 lacunari
339 1854 420 1885 seta
453 1847 594 1896 equina
631 1854 774 1897 aptum,
809 1847 954 1885 demitti
991 1848 1108 1894 iussit,
1143 1855 1184 1886 ut
1221 1849 1460 1899 impenderet

138 1913 234 1951 illius
263 1913 362 1950 beati
394 1913 613 1951 cervicibus.
670 1914 805 1964 Itaque
836 1926 908 1951 nec
941 1913 1122 1963 pulchros
1156 1915 1240 1953 illos
1269 1917 1457 1956 ministra-

137 1985 239 2016 tores
273 1978 481 2028 aspiciebat
513 1991 585 2016 nec
617 1979 774 2029 plenum
811 1981 900 2017 artis
938 1987 1150 2029 argentum,
1188 1993 1261 2019 nec
1299 1995 1458 2021 manum

79 2051 120 2084 60
137 2045 354 2094 porrigebat
379 2044 419 2081 in
445 2056 619 2082 mensam
634 2059 646 2093 5
679 2046 756 2084 iam
786 2046 892 2095 ipsae
923 2046 1141 2084 defluebant
1169 2059 1356 2087 coronae:
1391 2050 1456 2088 de-

137 2110 252 2159 nique
282 2110 451 2148 exoravit
480 2116 695 2160 tyrannum,
724 2117 766 2148 ut
795 2112 898 2149 abire
927 2112 1065 2159 liceret,
1087 2113 1192 2162 quod
1219 2115 1295 2151 iam
1324 2115 1457 2154 beatus

137 2175 254 2213 nollet
299 2187 394 2213 esse.
472 2175 623 2214 Satisne
660 2177 806 2215 videtur
853 2178 1067 2217 declarasse
1104 2178 1324 2229 Dionysius,
1363 2181 1455 2219 nihil

137 2254 219 2280 esse
245 2242 279 2279 ei
309 2242 475 2288 beatum,
496 2243 555 2279 cui
580 2255 731 2292 semper
758 2244 871 2294 aliqui
892 2250 1010 2282 terror
1028 2245 1273 2294 impendeat?
1329 2246 1456 2296 Atque

136 2307 171 2344 ei
208 2319 257 2344 ne
294 2306 485 2355 integrum
523 2308 680 2357 quidem
717 2316 806 2355 erat,
842 2315 883 2347 ut
920 2309 970 2347 ad
1005 2310 1183 2349 iustitiam
1222 2311 1454 2360 remigraret,

77 2376 117 2417 65
137 2372 280 2410 civibus
310 2371 523 2409 libertatem
555 2380 592 2411 et
617 2373 699 2411 iura
725 2375 919 2413 redderet:
953 2376 998 2414 iis
1025 2377 1129 2414 enim
1159 2388 1200 2414 se
1229 2376 1454 2415 adolescens
