1587 2533
143 109 220 140 sect.
251 108 308 140 iv.
524 106 612 136 ΒΕΑ
625 105 760 136 UTJES
793 104 849 135 OF
880 103 941 134 NA
952 103 1084 135 TURE.
1390 94 1466 147 169

142 219 295 257 easque,
317 218 436 256 quum
457 204 646 243 stomachi
667 204 792 242 calore
814 204 1046 248 concoxerit,
1068 215 1259 248 evomere,
1281 208 1395 252 atque
1418 202 1468 238 ita

64 282 120 314 125
141 273 280 321 eligere
307 284 356 309 ex
385 272 441 317 iis,
463 283 561 320 quae
593 275 680 307 sunt
710 269 916 307 esculenta.
975 269 1109 306 Ranae
1139 276 1267 305 autem
1297 268 1468 304 marinae

142 337 318 375 dicuntur
337 337 498 374 obruere
519 347 603 373 sese
629 346 746 371 arena
775 334 909 380 solere,
931 341 966 371 et
990 333 1134 371 moveri
1162 345 1285 381 prope
1312 344 1465 381 aquarn,

141 402 190 440 ad
216 414 311 451 quas
338 402 446 451 quasi
473 401 523 438 ad
551 412 681 438 escam
705 399 841 448 >pisces
872 412 991 449 quum
1020 399 1262 444 accesserint,
1286 397 1426 434 confici
1447 410 1468 434 a

141 468 243 504 ranis
264 474 378 516 atque
400 465 587 503 consumi.
645 464 766 501 Milvo
796 471 852 501 est
874 464 1071 513 quoddam
1100 463 1241 500 bellum
1269 462 1379 511 quasi
1400 474 1467 498 na-

141 532 260 570 turale
281 544 369 569 cum
389 543 517 569 corvo.
574 530 680 579 Ergo
701 530 794 566 alter
814 529 977 575 alterius,
995 530 1228 577 ubicumque
1244 534 1379 565 nactus
1397 534 1466 571 est,

63 614 124 644 130
141 609 215 635 ova
234 597 384 647 frangit.
423 597 522 634 Illud
542 608 631 634 vero
653 596 736 645 quis
763 602 890 644 potest
910 607 990 632 non
1017 595 1170 632 mirari?
1200 606 1326 643 grues,
1348 606 1468 642 quum

140 663 228 701 loca
248 663 428 700 calidiora
458 668 633 711 petentes
663 661 784 697 maria
817 661 1086 704 transmittant,
1108 660 1285 708 trianguli
1318 659 1467 696 efficere

142 728 306 766 formam
319 741 328 774 ;
359 727 439 764 eius
459 733 587 764 autem
610 737 762 763 summo
784 725 926 773 angulo
946 737 1010 762 aer
1032 725 1081 761 ab
1110 725 1155 762 iis
1185 725 1366 762 adversus
1387 724 1466 773 pel-

143 792 249 840 litur;
281 793 418 830 deinde
451 792 589 830 sensim
625 792 674 828 ab
708 797 869 839 utroque
899 791 1014 827 latere
1043 797 1242 839 tamquam
1270 790 1396 835 remis,
1417 790 1468 826 ita

143 859 282 908 pennis
310 870 443 895 cursus
473 858 598 894 avium
628 856 781 894 levatur.
840 855 949 893 Basis
979 861 1106 891 autem
1136 855 1323 903 trianguli,
1352 867 1467 903 quem

64 938 121 970 135
142 936 256 974 grues
276 923 455 969 efficiunt,
477 935 522 960 ea
541 929 740 972 tamquam
760 934 782 959 a
802 922 921 970 puppi
942 921 1062 957 ventis
1092 920 1300 964 adiuvatur,
1322 932 1468 968 eaeque

143 989 183 1026 in
203 996 311 1038 tergo
331 988 632 1038 praevolantium
653 987 750 1025 colla
780 992 816 1024 et
844 988 970 1035 capita
995 992 1186 1035 reponunt
1200 997 1210 1032 ;
1243 985 1349 1034 quod
1379 986 1465 1034 quia

143 1055 226 1104 ipse
261 1053 339 1091 dux
372 1053 497 1090 facere
526 1050 607 1090 non
636 1059 775 1102 potest,
797 1052 886 1102 quia
919 1064 1000 1089 non
1033 1052 1149 1088 habet
1183 1051 1244 1088 cui
1275 1051 1466 1095 innitatur,

142 1119 296 1166 revolat,
317 1125 358 1156 ut
377 1119 460 1168 ipse
489 1131 645 1168 quoque
672 1119 865 1167 quiescat3
896 1123 933 1154 et
957 1118 996 1154 in
1025 1117 1106 1154 eius
1136 1116 1267 1153 locum
1296 1116 1468 1154 succedit

144 1197 192 1223 ex
212 1185 257 1222 iis
277 1197 376 1234 quae
398 1185 632 1233 acquierunt,
654 1195 775 1233 eaque
795 1183 1017 1220 vicissitudo
1046 1183 1086 1219 in
1112 1182 1219 1219 omni
1241 1194 1354 1219 cursu
1374 1193 1468 1219 con-

66 1264 126 1294 140
144 1256 324 1288 servatur.
382 1249 507 1286 Multa
527 1249 715 1287 eiusmodi
732 1249 903 1298 proferre
923 1259 1095 1298 possum,
1113 1247 1181 1284 sed
1200 1259 1322 1295 genus
1340 1247 1467 1295 ipsum

143 1315 289 1353 videtis.
348 1314 431 1351 Iam
451 1326 540 1351 vero
562 1314 623 1351 illa
643 1314 756 1351 etiam
777 1314 939 1359 notiora,
961 1320 1105 1363 quanto
1127 1325 1167 1350 se
1192 1325 1308 1361 opere
1339 1319 1467 1350 custo-

144 1380 249 1418 diant
268 1381 423 1426 bestiae,
444 1387 486 1417 ut
505 1381 543 1417 in
564 1387 675 1429 pastu
696 1381 1026 1428 circumspectent,
1047 1385 1088 1415 ut
1108 1379 1146 1414 in
1168 1378 1355 1415 cubilibus
1376 1378 1467 1415 deli-

142 1452 300 1484 tescant.
358 1446 486 1495 Atque
506 1446 568 1482 illa
588 1446 786 1483 mirabilia.
846 1445 952 1491 Quid
982 1457 1037 1490 ea,
1060 1457 1158 1493 quae
1188 1456 1322 1492 nuper,
1345 1444 1383 1480 id
1410 1452 1467 1480 est

142 1511 276 1561 paucis
296 1517 383 1548 ante
404 1511 576 1556 saeculis,
597 1511 838 1548 medicorum
858 1511 1022 1560 ingeniis
1043 1516 1192 1558 reperta
1213 1510 1325 1546 sunt?
1346 1510 1468 1546 vomi-

66 1596 123 1628 145
143 1577 249 1614 tione
283 1589 409 1622 canes,
444 1583 609 1626 purgatu
646 1582 775 1613 autem
805 1575 910 1613 alvos
948 1576 1030 1612 ibes
1067 1575 1281 1624 Aegyptiae
1320 1582 1466 1612 curant.

144 1641 329 1679 Auditum
362 1648 431 1688 est,
465 1641 682 1691 pantheras,
714 1654 812 1691 quae
845 1641 885 1678 in
918 1641 1093 1677 barbaria
1129 1646 1316 1677 venenata
1354 1652 1467 1677 carne

143 1714 380 1757 caperentur,
413 1707 625 1744 remedium
660 1706 859 1756 quoddam
886 1706 1036 1751 habere,
1069 1717 1146 1755 quo
1186 1717 1305 1755 quum
1339 1713 1468 1742 essent

143 1785 247 1818 usae,
269 1785 348 1810 non
376 1779 637 1819 morerentur;
669 1785 804 1822 capras
839 1780 967 1809 autem
1001 1759 1039 1808 in
1071 1771 1184 1809 Creta
1213 1771 1323 1817 feras,
1347 1783 1465 1821 quum

143 1843 271 1876 essent
309 1839 484 1876 confixae
518 1839 717 1876 ‘venenatis
752 1838 910 1887 sagittis,
941 1838 1099 1875 herbam
1138 1849 1331 1887 quaerere,
1367 1850 1466 1886 quae

67 1919 126 1951 150
144 1904 361 1942 dictamnus
380 1910 578 1941 vocaretur
591 1917 601 1951 ς
633 1916 749 1953 quam
776 1915 895 1953 quum
927 1903 1193 1952 gustavissent,
1215 1903 1372 1951 sagittas
1401 1915 1466 1939 ex-

144 1969 270 2006 cidere
291 1969 422 2006 dieunt
442 1981 462 2006 e
478 1981 651 2018 corpore.
701 1969 923 2018 Cervaeque
944 1968 1073 2017 paullo
1094 1974 1182 2005 ante
1205 1975 1357 2017 partum
1379 1981 1464 2018 per-

143 2040 310 2084 purgant
340 2045 380 2071 se
409 2035 576 2083 quadam
603 2034 771 2080 herbula,
792 2047 891 2083 quae
926 2034 1056 2071 seselis
1087 2033 1232 2071 dicitur.
1291 2033 1375 2071 Iam
1405 2034 1467 2072 illa

145 2100 349 2146 cernimus,
379 2106 421 2137 ut
455 2108 588 2137 contra
619 2101 696 2137 vim
725 2107 762 2138 et
789 2107 936 2136 metum
966 2099 1044 2136 suis
1075 2111 1116 2136 se
1144 2099 1260 2136 armis
1291 2111 1466 2152 quaeque

146 2165 337 2203 defendat.
397 2164 589 2203 Cornibus
609 2166 715 2211 tauri,
737 2165 818 2215 apri
839 2164 1028 2209 dentibus,
1051 2176 1182 2201 morsu
1207 2164 1351 2207 leones,
1373 2169 1467 2206 aliae

68 2239 125 2272 155
147 2229 238 2280 fuga
267 2242 318 2275 se,
339 2230 434 2267 aliae
463 2231 720 2268 occultatione
754 2237 933 2276 tutantur,
955 2230 1153 2268 atramenti
1188 2229 1377 2270 effusione
1409 2246 1467 2271 se-

146 2297 243 2345 piae,
273 2303 427 2345 torpore
465 2296 707 2344 torpedines:
756 2296 896 2333 multae
926 2296 1040 2334 etiam
1070 2296 1301 2334 insectantes
1339 2299 1468 2338 odoris

147 2360 372 2398 intolerabili
403 2360 582 2399 foeditate
613 2361 818 2411 depellunt.

792 2438 817 2464 N
