1587 2533
153 101 178 134 Ι.
388 94 564 134 ROME’S
592 105 716 134 RULE
748 105 806 135 OF
834 105 929 135 HER
964 106 1242 138 PROVINCES.
1394 110 1472 152 209

151 205 209 238 est
237 213 386 239 summa
416 215 504 251 pax,
525 216 676 255 summa
704 205 965 253 tranquillitas,
993 205 1044 242 ita
1073 214 1213 250 tamen,
1241 212 1282 243 ut
1312 218 1356 242 ea
1386 206 1473 243 dor-

150 252 649 316 riii'e'fi't'e'r‘flg‘fib'ernatorem
677 269 734 306 vel
763 270 937 315 obruere,
959 271 1180 319 vigilantem
1203 271 1315 308 etiam
1347 271 1472 308 delec-

148 335 227 367 tare
265 332 396 380 possit.
470 332 632 371 Constat
669 333 772 370 enim
811 346 856 370 ea
894 335 1090 384 provincia
1131 336 1299 384 primum
1337 347 1383 372 ex
1424 347 1471 372 eo

148 407 290 444 genere
320 397 524 442 sociorum,
556 398 662 454 quod
690 405 748 435 est
777 411 823 436 ex
853 399 1054 436 hominum
1085 400 1191 436 omni
1225 412 1369 448 genere
1403 400 1471 437 hu-

88 475 128 508 55
148 461 426 507 rnmissimum,
457 463 595 500 deinde
630 475 676 500 ex
716 475 763 500 eo
802 476 943 513 genere
977 465 1126 511 civium,
1158 466 1223 514 qui
1262 471 1325 502 aut
1365 466 1471 514 quod

147 525 341 574 publicani
362 533 459 569 sunt,
481 539 552 564 nos
573 540 724 565 summa
750 529 1033 566 necessitudine
1055 530 1256 578 attingunt,
1279 536 1343 566 aut
1364 531 1471 579 quod

147 590 199 628 ita
219 591 474 640 negotiantur,
495 599 535 629 ut
555 592 764 642 locupletes
785 593 868 639 sint,
891 595 1010 631 nostri
1032 594 1255 632 consulatus
1279 595 1469 633 beneficio

148 666 189 692 se
209 655 421 694 incolumes
442 656 614 694 fortunas
635 657 776 695 habere
797 658 1034 697 arbitrantur.

205 734 237 759 2.
269 721 320 758 At
340 722 443 758 enim
462 722 557 759 inter
576 722 648 760 hos
674 722 781 772 ipsos
802 724 990 761 exsistunt
1019 737 1153 772 graves
1174 727 1468 773 controversiae,

85 794 128 827 60
149 786 288 824 multae
315 794 522 824 nascuntur
548 787 717 834 iniuriae,
739 800 905 837 magnae
927 791 1196 828 contentiones
1224 804 1470 841 consequun-

148 858 217 888 tur.
275 851 397 898 Quasi
424 864 514 889 vero
543 864 617 902 ego
646 852 685 890 id
714 860 857 902 putem,
882 865 962 891 non
991 860 1028 891 te
1059 855 1294 904 aliquantum
1324 858 1471 905 negotii

148 916 345 954 sustinere.
401 917 579 966 Intelligo
613 930 869 966 permagnum
904 930 988 956 esse
1018 921 1217 968 negotium
1247 927 1283 958 et
1312 922 1471 958 maximi

149 981 305 1027 consilii,
326 981 395 1019 sed
420 989 616 1019 memento
643 983 791 1028 consilii
818 995 880 1020 me
907 983 981 1021 hoc
1009 985 1209 1033 negotium
1236 997 1319 1023 esse
1346 988 1471 1035 magis

148 1046 342 1096 aliquanto
377 1059 494 1097 quam
528 1047 704 1086 fortunae
738 1055 883 1098 putare.
943 1048 1048 1095 Quid
1088 1057 1145 1087 est
1182 1051 1286 1087 enim
1324 1051 1471 1101 negotii

87 1117 127 1157 65
149 1112 344 1149 continere
365 1124 443 1158 eos,
461 1113 599 1163 quibus
616 1114 774 1162 praesis,
791 1114 822 1151 si
842 1120 878 1151 te
899 1114 980 1164 ipse
1002 1116 1227 1154 contineas?
1275 1115 1321 1154 Id
1342 1124 1471 1155 autem

149 1177 195 1215 sit
214 1189 400 1227 magnum
427 1185 465 1215 et
491 1179 640 1216 difficile
661 1180 805 1226 ceteris,
828 1180 924 1217 sicut
950 1186 1007 1218 est
1036 1180 1320 1219 difficillimum:
1349 1183 1415 1220 tibi
1435 1190 1472 1221 et

149 1242 217 1280 fuit
244 1243 319 1280 hoc
346 1256 498 1293 semper
519 1243 740 1282 facillimum
761 1252 798 1282 et
824 1257 914 1282 vero
936 1257 1020 1283 esse
1047 1246 1187 1292 debuit,
1210 1247 1316 1284 cuius
1336 1254 1473 1285 natura

148 1308 232 1345 talis
252 1314 320 1354 est,
341 1314 382 1345 ut
402 1309 516 1346 etiam
537 1310 618 1347 sine
645 1310 818 1347 doctrina
845 1310 1015 1348 videatur
1035 1311 1233 1348 moderata
1255 1323 1338 1349 esse
1359 1320 1471 1362 potu-

147 1374 234 1420 isse,
255 1386 300 1411 ea
329 1381 456 1412 autem
485 1375 655 1412 adhibita
684 1375 856 1413 doctrina
884 1382 952 1421 est,
974 1387 1073 1425 quae
1102 1376 1160 1413 vel
1189 1376 1471 1413 vitiosissimam

88 1456 130 1489 70
148 1445 323 1477 naturam
344 1440 518 1478 excolere
545 1441 678 1490 possit.
735 1441 799 1478 Tu
826 1453 944 1490 quum
971 1442 1168 1491 pecuniae,
1190 1454 1309 1491 quum
1338 1441 1472 1490 volup-

148 1505 224 1551 tati,
255 1517 374 1555 quum
403 1505 578 1542 omnium
607 1518 733 1542 rerum
764 1505 959 1555 cupiditati
993 1506 1156 1552 resistes,
1186 1514 1226 1544 ut
1255 1506 1361 1553 facis,
1391 1506 1471 1553 erit,

148 1569 275 1616 credo,
306 1570 517 1620 periculum
546 1583 595 1608 ne
628 1571 848 1620 improbum
877 1572 1170 1620 negotiatorem,
1200 1571 1330 1620 paullo
1365 1571 1471 1620 cupi—

148 1635 293 1672 diorem
323 1635 570 1684 publicanum
600 1637 854 1685 comprimere
888 1649 970 1674 non
1002 1637 1140 1687 possis.
1198 1636 1301 1674 Nam
1332 1636 1473 1674 Graeci

149 1700 304 1750 quidem
342 1701 395 1738 sic
427 1707 464 1738 te
502 1701 554 1739 ita
588 1701 777 1739 viventem
815 1702 1072 1747 intuebuntur,
1107 1708 1148 1739 ut
1182 1701 1391 1752 quemdam
1425 1715 1473 1740 ex

89 1781 129 1816 75
149 1765 344 1803 annalium
377 1766 563 1804 memoria
596 1773 661 1804 aut
695 1767 810 1804 etiam
843 1767 891 1804 de
926 1760 1034 1804 eaelo
1070 1767 1239 1804 divinum
1272 1766 1473 1804 hominem

148 1844 233 1870 esse
254 1832 292 1869 in
313 1833 549 1882 provinciam
570 1834 770 1883 delapsum
793 1840 937 1883 putent.
997 1834 1125 1883 Atque
1151 1833 1247 1871 haec
1267 1846 1371 1871 nunc
1391 1846 1473 1872 non

147 1904 189 1934 ut
215 1896 342 1944 facias,
365 1898 433 1935 sed
458 1903 499 1935 ut
525 1905 562 1936 te
589 1899 715 1936 facere
742 1906 779 1936 et
806 1899 956 1944 fecisse⁴
966 1899 1138 1947 gaudeas
1165 1900 1302 1937 scribo.
1357 1899 1473 1937 Prae-

150 1961 294 2000 clarum
322 1969 380 2000 est
409 1963 511 2000 enim
541 1975 694 2002 summo
723 1977 810 2001 cum
841 1964 1001 2012 imperio
1026 1963 1142 2001 fuisse
1171 1964 1209 2001 in
1238 1963 1332 2002 Asia
1358 1965 1472 2002 trien-

149 2028 257 2066 nium
286 2028 340 2066 sic
369 2034 411 2065 ut
443 2029 589 2066 nullum
623 2035 659 2066 te
693 2029 858 2078 signum,
889 2029 991 2065 nulla
1024 2030 1182 2078 pictura,
1213 2029 1359 2067 nullum
1394 2043 1471 2077 vas,

87 2100 131 2134 80
151 2093 251 2131 nulla
269 2093 395 2139 vestis,
417 2094 562 2131 nullum
583 2095 829 2144 mancipium,
851 2094 954 2130 nulla
974 2093 1098 2131 forma
1119 2095 1356 2144 cuiusquam,
1370 2095 1474 2132 nulla

149 2158 320 2196 conditio
349 2158 547 2208 pecuniae,
579 2158 717 2209 quibus
747 2158 860 2195 rebus
890 2158 1060 2195 abundat
1089 2158 1160 2196 ista
1189 2159 1395 2208 provincia,
1424 2160 1473 2196 ab

149 2234 301 2261 summa
334 2222 546 2271 integritate
582 2222 895 2271 continentiaque
931 2221 1140 2260 deduxerit.
1198 2222 1303 2269 Quid
1343 2229 1474 2260 autem

149 2288 303 2337 reperiri
322 2294 399 2326 tam
421 2288 603 2325 eximium
622 2294 685 2325 aut
701 2294 779 2324 tam
800 2286 1058 2336 expetendum
1079 2293 1208 2337 potest
1224 2299 1340 2337 quam
1361 2287 1474 2325 istam

148 2353 335 2400 virtutem,
361 2353 668 2391 moderationem
699 2353 828 2400 animi,
857 2352 1152 2402 temperantiam
1180 2364 1259 2390 non
1289 2352 1405 2391 latere
1435 2353 1474 2390 in
