1587 2533
125 122 205 167 252
468 119 717 151 EXTRACTS
745 118 881 150 FROM
910 119 1088 150 CICERO.
1303 121 1380 152 Sect.
1401 121 1442 152 V.

121 219 368 265 Mercurium,
398 220 462 268 qui
502 220 618 257 sacris
657 219 921 257 anniversariis
961 218 1065 268 apud
1103 230 1171 256 eos
1210 229 1255 255 ae
1292 230 1442 256 summa

122 286 308 334 religione
349 285 546 329 coleretur,
584 296 699 333 quem
742 284 783 321 P.
815 283 1019 321 Africanus
1053 282 1290 331 Karthagine
1329 291 1441 333 capta

122 350 393 399 Tyndaritanis
424 362 504 386 non
534 350 660 386 solum
701 361 790 387 suae
820 349 1012 393 victoriae,
1044 348 1112 385 sed
1151 349 1264 385 etiam
1291 349 1438 386 illorum

121 415 209 452 fidei
248 415 514 463 societatisque
553 421 850 451 monumentum
889 421 1003 463 atque
1040 413 1224 450 indicium
1263 413 1438 461 dedisset,
1462 433 1499 454 ιο

122 479 233 516 huius
260 479 296 515 vi
327 479 468 516 scelere
495 479 731 528 imperioque
758 491 842 516 esse
870 479 1087 516 sublatum:
1118 478 1194 527 qui,
1214 483 1255 515 ut
1274 479 1438 527 primum

120 544 160 581 in
179 543 271 580 illud
298 544 485 592 oppidum
505 544 618 589 venit,
643 544 781 589 statim,
803 550 999 593 tamquam
1025 543 1076 580 ita
1101 543 1181 580 fieri
1208 555 1288 580 non
1313 544 1438 581 solum

122 615 327 658 oporteret,
359 608 428 645 sed
466 609 581 645 etiam
619 621 778 646 necesse
807 616 917 653 esset,
947 615 1144 657 tamquam
1181 608 1255 646 hoc
1284 616 1437 646 senatus

120 674 352 719 mandasset,
373 674 618 722 populusque
648 673 850 711 Romanus
877 674 1057 718 iussisset,
1078 673 1128 709 ita
1148 673 1342 718 continuo,
1364 674 1438 722 sig-

121 751 215 776 num
245 746 285 776 ut
315 738 588 776 demolirentur
616 745 653 775 et
692 737 917 775 Messanam
947 738 1200 787 deportarent,
1232 738 1437 786 imperavit.
1462 753 1500 785 15

121 804 239 850 Quod
279 816 398 852 quum
437 804 508 841 illis
551 804 616 853 qui
657 804 826 849 aderant,
865 803 1077 852 indignum,
1117 803 1182 852 qui
1222 803 1436 850 audiebant,

119 868 338 906 incredibile
367 869 564 914 videretur,
595 881 675 906 non
713 875 771 906 est
810 869 860 906 ab
897 869 982 914 isto,
1012 868 1136 917 primo
1165 868 1229 905 illo
1263 868 1438 914 adventu,

119 942 413 985 perseveratum.
470 933 685 971 Discedens
714 934 874 971 mandat
903 945 1096 983 proagoro
1131 933 1307 983 Sopatro,
1333 934 1439 971 cuius

120 1001 236 1038 verba
261 1000 429 1045 audistis,
450 1006 491 1037 ut
517 999 755 1037 demoliatur.
814 998 947 1044 Quum
971 1005 1173 1044 recusaret,
1194 998 1439 1035 vehementer

122 1065 298 1102 minatur.
354 1065 403 1101 Et
429 1065 554 1102 statim
575 1077 621 1101 ex
650 1065 713 1101 illo
733 1064 880 1113 oppido
901 1063 1163 1113 proficiscitur.
1221 1063 1437 1112 Proagorus
1461 1077 1502 1100 20

120 1130 233 1168 refert
253 1142 333 1166 rem
351 1129 400 1166 ad
421 1136 618 1166 senatum:
640 1129 884 1166 vehementer
904 1129 1072 1177 undique
1092 1128 1328 1166 reclamatur.
1377 1128 1438 1165 Ne

120 1195 260 1231 multa:
287 1195 421 1232 iterum
441 1195 511 1232 iste
532 1195 726 1244 aliquanto
748 1200 835 1243 post
856 1194 905 1231 ad
925 1193 1008 1231 illos
1029 1193 1152 1240 venit;
1181 1194 1328 1242 quaerit
1347 1204 1440 1230 con-

120 1261 229 1298 tinuo
258 1260 306 1298 de
335 1261 457 1309 signo.
516 1259 789 1309 Respondetur
817 1260 852 1297 ei
882 1266 1056 1297 senatum
1084 1271 1166 1296 non
1195 1260 1438 1309 permittere:

119 1337 287 1375 poenam
325 1325 459 1374 capitis
497 1326 755 1371 constitutam,
790 1325 821 1362 si
859 1325 1004 1362 iniussu
1043 1331 1196 1362 senatus
1235 1325 1436 1374 quisquam

119 1390 326 1439 attigisset:
356 1390 467 1427 simul
487 1390 618 1439 religio
640 1397 971 1428 commemoratur.
1030 1389 1134 1426 Tum
1161 1390 1255 1426 iste:
1285 1388 1436 1434 ‘Quam
1458 1402 1498 1435 25

120 1455 214 1493 mihi
243 1455 467 1505 religionem
499 1456 654 1493 narras?
692 1467 807 1504 quam
846 1455 1041 1504 poenam?
1081 1466 1198 1503 quem
1236 1456 1436 1492 senatum?

117 1521 244 1558 vivum
264 1527 300 1557 te
321 1532 401 1557 non
420 1520 653 1570 relinquam:
677 1521 839 1558 moriere
856 1520 979 1569 virgis,
996 1520 1068 1557 nisi
1085 1521 1237 1569 signum
1257 1519 1435 1556 traditur.'

121 1586 282 1635 Sopater
311 1586 446 1622 iterum
475 1585 571 1624 fiens
601 1586 650 1623 ad
680 1592 854 1623 senatum
884 1585 1003 1623 defert
1014 1598 1024 1632 3
1055 1585 1160 1622 istius
1190 1585 1436 1634 cupiditatem

117 1652 318 1700 minasque
348 1651 593 1688 demonstrat.
653 1651 815 1688 Senatus
843 1650 1005 1700 Sopatro
1032 1662 1263 1699 responsum
1289 1650 1435 1687 nullum

119 1717 194 1761 dat,
225 1717 293 1754 sed
319 1724 538 1754 commotus
566 1718 881 1766 perturbatusque
912 1716 1081 1753 discedit.
1138 1715 1218 1760 Ille,
1251 1716 1434 1764 praetoris
1451 1731 1495 1761 30

119 1783 322 1820 arcessitus
351 1783 498 1828 nuntio,
528 1795 609 1820 rem
648 1783 904 1827 demonstrat;
947 1789 1064 1830 negat
1101 1781 1178 1818 ullo
1208 1781 1326 1818 modo
1355 1782 1435 1819 fieri

117 1859 246 1897 posse.
306 1847 434 1896 Atque
463 1847 558 1885 haec
588 1847 695 1895 (nihil
719 1847 822 1884 enim
847 1845 1227 1895 praetermittendum
1251 1845 1298 1882 de
1327 1845 1434 1883 istius

117 1912 354 1960 impudentia
380 1911 541 1963 videtur)
572 1913 782 1962 agebantur
810 1912 850 1949 in
878 1917 1068 1949 conventu
1095 1911 1235 1960 palam,
1259 1911 1306 1948 de
1344 1910 1434 1948 sella

118 1989 162 2014 ac
183 1977 230 2014 de
249 1977 335 2014 loco
357 1979 562 2026 superiore.

174 2055 208 2079 2.
237 2042 328 2078 Erat
365 2042 488 2080 hiems
527 2054 700 2089 summa3
743 2048 961 2091 tempestaS,
989 2046 1032 2078 ut
1068 2039 1196 2090 ipsum
1227 2040 1431 2089 Sopatrum
1450 2053 1489 2084 35

118 2107 244 2145 dicere
273 2107 438 2153 audistis,
465 2108 694 2157 perfrigida;
723 2108 845 2145 imber
871 2107 1088 2144 maximus:
1118 2118 1237 2155 quum
1265 2106 1334 2143 iste
1363 2106 1432 2142 im-

116 2179 223 2221 perat
243 2172 448 2215 lictoribus,
470 2179 511 2209 ut
533 2172 737 2222 Sopatrum
757 2173 804 2210 de
825 2172 984 2221 porticu,
1005 2171 1045 2207 in
1064 2183 1140 2219 qua
1159 2171 1240 2219 ipse
1261 2171 1430 2217 sedebat,

117 2237 364 2286 praecipitem
389 2237 429 2272 in
454 2236 580 2274 forum
607 2237 785 2275 deiiciant
811 2236 1034 2285 nudumque
1055 2236 1296 2273 constituant.
1354 2235 1431 2273 Vix

117 2308 196 2338 erat
211 2301 286 2338 hoc
302 2301 415 2350 plane
431 2301 669 2351 imperatum,
685 2314 805 2351 quum
821 2302 925 2338 illum
946 2301 1152 2350 spoliatum
1172 2301 1431 2350 stipatumque

117 2367 310 2405 lictoribus
340 2367 510 2405 videres:
541 2379 677 2405 omnes
706 2367 745 2404 id
774 2367 856 2405 fore
884 2367 1081 2417 putabant,
1103 2372 1144 2404 ut
1173 2367 1288 2405 miser
1316 2374 1430 2418 atque
1448 2383 1490 2416 40
