1587 2533
144 154 227 194 224
491 149 737 181 EXTRACTS
767 150 903 181 FROM
931 150 1110 180 CICERO.
1194 150 1198 152 ’
1319 151 1396 182 Sect.
1415 151 1457 181 V.

141 257 393 288 monumenta
420 250 598 287 victoriae
627 249 789 298 plurima
818 249 1033 286 collocaret.
1088 247 1266 298 Denique
1290 249 1350 286 ille
1375 250 1458 299 ipse

142 314 197 352 M.
219 315 436 360 Marcellus,
458 315 565 351 cuius
592 315 629 350 in
653 313 778 350 Sicilia
803 313 975 350 virtutem
996 313 1138 358 hostes,
1157 313 1456 351 misericordiam

140 379 239 425 victi,
261 380 454 427 fidemque
484 379 597 416 ceteri
627 378 741 415 Siculi
771 384 1057 427 perspexerunt,
1080 389 1160 414 non
1189 378 1313 415 solum
1343 379 1457 416 sociis

140 445 179 481 in
209 456 255 481 eo
284 444 384 481 bello
415 443 615 488 consuluit,
639 455 770 479 verum
799 443 912 479 etiam
943 443 1126 491 superatis
1155 441 1327 480 hostibus
1360 450 1456 481 tem-

140 510 293 560 peravit.
349 508 496 545 Urbem
517 508 821 557 pulcherrimam,
845 508 1061 556 Syracusas,
1083 519 1180 556 quae
1201 520 1320 557 quum
1339 519 1456 545 manu
1474 524 1489 545 2
1496 523 1513 554 5

139 573 393 610 munitissima
413 580 524 619 esset,
544 580 624 610 turn
652 573 725 610 loci
746 580 878 609 natura
897 579 995 609 terra
1022 584 1066 609 ac
1085 572 1180 608 mari
1202 572 1454 619 claudebatur,

139 650 258 688 quum
284 638 320 675 vi
347 638 582 687 consilioque
603 638 777 687 cepisset,
799 650 879 674 non
906 637 1029 674 solum
1056 637 1289 674 incolumem
1318 649 1454 686 passus
1499 685 1507 697 ⁸

140 710 197 740 cst
217 715 312 748 esse,
335 703 402 740 sed
423 703 473 740 ita
492 703 641 752 reliquit
656 709 841 748 ornatam,
858 709 898 739 ut
918 709 1018 739 esset
1038 702 1140 739 idem
1160 709 1454 739 monumentum

136 769 325 813 victoriae,
350 767 663 812 mansuetudinis,
692 767 968 804 continentiae:
999 779 1117 816 quum
1147 765 1322 804 homines
1351 766 1454 804 vide-

137 840 221 871 rent
259 839 296 870 et
334 833 425 882 quid
463 839 734 882 expugnasset,
765 839 803 869 et
836 833 974 881 quibus
1012 832 1255 881 pepercisset,
1286 838 1322 869 et
1356 844 1453 881 quae
1473 846 1516 877 30

136 898 358 947 reliquisset.
417 897 587 935 Tantum
617 898 676 934 ille
701 898 889 934 honorem
920 897 1066 935 Siciliae
1096 897 1316 935 habendum
1345 903 1453 946 puta·-

136 963 197 1008 vit‚
218 970 258 1000 ut
284 975 332 999 ne
359 963 526 999 hostiurn
546 963 702 1011 quidem
729 964 864 999 urbem
885 975 932 999 ex
959 963 1151 1000 sociorum
1178 962 1300 999 insula
1319 962 1453 999 tollen-

137 1029 226 1066 dam
261 1028 511 1065 arbitraretur.
570 1027 705 1077 Itaque
744 1028 793 1065 ad
831 1040 968 1065 omnes
1005 1040 1064 1065 res
1101 1027 1224 1064 Sicilia
1257 1028 1454 1077 provincia

137 1105 287 1142 semper
320 1093 378 1130 usi
408 1104 550 1137 sumus,
580 1099 631 1138 ut,
662 1093 847 1141 quidquid
882 1105 929 1130 ex
964 1105 1047 1130 sese
1076 1099 1207 1142 posset
1241 1093 1385 1138 efferre,
1414 1092 1452 1130 id

132 1170 216 1194 non
236 1158 337 1206 apud
366 1169 432 1194 eos
459 1158 576 1202 nasci,
598 1157 664 1194 sed
686 1157 791 1194 domi
818 1165 970 1194 nostrae
995 1157 1195 1201 conditum
1221 1164 1450 1206 putaremus.
1472 1171 1512 1202 35

136 1221 306 1268 Quando
336 1222 397 1259 illa
425 1221 655 1258 frumentum
685 1222 790 1271 quod
824 1222 979 1259 deberet
1007 1234 1088 1259 non
1117 1222 1166 1259 ad
1195 1222 1296 1259 diem
1325 1223 1452 1261 dedit?

135 1287 291 1336 quando
321 1286 360 1324 id
389 1287 492 1336 quod
522 1299 620 1335 opus
650 1299 733 1324 esse
763 1293 911 1336 putaret
939 1299 1020 1324 non
1048 1287 1146 1324 ultro
1176 1287 1342 1336 pollicita
1371 1290 1452 1326 est?

135 1351 290 1400 quando
311 1351 349 1388 id
369 1351 475 1400 quod
495 1352 743 1400 imperaretur
769 1352 981 1389 recusavit?
1038 1351 1171 1400 Itaque
1198 1352 1256 1389 ille
1277 1352 1331 1389 M.
1355 1352 1452 1390 Cato

136 1417 296 1465 Sapiens
318 1416 450 1453 cellam
471 1417 668 1466 penariam
690 1417 919 1465 reipublicae
940 1423 1102 1462 nostrae,
1125 1417 1311 1455 nutricem
1331 1418 1452 1466 plebis

135 1480 336 1518 Romanae
377 1480 541 1518 Siciliam
581 1482 814 1519 nominabat.
887 1481 971 1519 Nos
1009 1493 1099 1518 vero
1139 1482 1282 1530 experti
1321 1495 1452 1520 sumus
1471 1496 1512 1526 40

134 1543 267 1580 Italico
295 1544 465 1580 maximo
493 1543 791 1592 difficillimoque
817 1544 918 1581 bello
949 1543 1114 1580 Siciliam
1141 1545 1252 1581 nobis
1280 1557 1359 1582 non
1383 1558 1452 1594 pro

129 1608 290 1657 penarIa
311 1608 414 1653 cella,
436 1608 503 1645 sed
530 1620 600 1657 pro
628 1609 772 1646 aerario
800 1609 863 1646 illo
884 1609 1072 1646 maiorum
1098 1615 1222 1645 vetere
1251 1621 1294 1646 ac
1315 1609 1453 1648 referto

134 1673 260 1710 fuisse.
319 1672 423 1710 Nam
459 1673 538 1710 sine
573 1673 650 1710 ullo
681 1681 834 1723 sumptu
867 1680 1012 1716 nostro,
1044 1673 1167 1718 coriis,
1197 1675 1348 1720 tunicis,
1378 1675 1453 1712 fru-

133 1745 341 1786 mentoque
381 1738 637 1787 suppeditato,
668 1739 859 1776 maximos
894 1739 1082 1776 exercitus
1113 1746 1266 1776 nostros
1296 1741 1450 1786 vestivit,

134 1801 235 1847 aluit,
257 1803 423 1839 armavit.
482 1802 613 1848 Quid?
643 1803 715 1848 illa,
741 1816 837 1852 quae
867 1803 1025 1841 forsitan
1054 1817 1102 1842 ne
1132 1805 1340 1842 sentiamus
1370 1806 1451 1856 qui·
1469 1816 1510 1847 45

134 1866 234 1911 dem,
255 1867 409 1912 iudices,
432 1875 575 1917 quanta
603 1868 717 1904 sunt?
747 1868 851 1917 quod
876 1868 1002 1905 multis
1029 1868 1341 1918 locupletioribus
1365 1871 1450 1907 civi-

133 1931 205 1968 bus
221 1931 370 1977 utimur,
388 1933 492 1981 quod
514 1932 655 1970 habent
672 1934 939 1982 propinquam,
953 1933 1117 1979 fidelem,
1139 1934 1450 1985 fructuosamque

133 1997 379 2045 provinciam,
419 2010 497 2047 quo
542 1997 650 2035 facile
692 2005 905 2044 excurrant,
943 1999 1007 2035 ubi
1050 1999 1209 2037 libenter
1250 2001 1450 2048 negotium

133 2067 288 2109 gerant:
319 2074 415 2110 quos
443 2063 503 2099 illa
531 2063 668 2111 partim
694 2063 883 2100 mercibus
909 2064 1200 2112 suppeditandis
1221 2077 1308 2101 cum
1335 2078 1449 2115 quae-

134 2132 194 2163 stu
222 2127 530 2176 compendioque
560 2128 720 2174 dimittit,
749 2128 885 2177 partim
913 2130 1058 2174 retinet,
1086 2136 1127 2167 ut
1155 2142 1272 2175 arare,
1293 2135 1333 2166 ut
1362 2142 1448 2179 pas·
1468 2145 1509 2175 50

131 2202 231 2235 cere,
264 2197 304 2227 ut
338 2192 521 2240 negotiari
555 2192 680 2238 libeat,
716 2200 756 2229 ut
790 2193 953 2243 denique
988 2195 1098 2232 sedes
1136 2207 1181 2232 ac
1215 2194 1448 2233 domicilium

132 2255 333 2292 collocare.
393 2255 512 2302 Quod
533 2258 782 2295 commodum
802 2270 883 2294 non
903 2259 1096 2296 mediocre
1122 2259 1254 2308 populi
1281 2259 1448 2298 Romani

130 2327 214 2366 est;
244 2326 390 2357 tanturn
420 2322 557 2358 civium
592 2322 858 2360 Romanorum
891 2336 1104 2369 numerum,
1134 2331 1212 2362 tam
1246 2337 1366 2374 prope
1400 2326 1448 2362 ab

132 2384 262 2432 domo,
285 2393 362 2423 tam
389 2387 501 2425 bonis
525 2387 804 2438 fructuosisque
832 2390 945 2427 rebus
971 2389 1139 2427 detineri.
1194 2390 1245 2428 Et
1265 2390 1448 2440 quoniam
