1587 2533
158 80 208 126 64
503 85 746 117 EXTRACTS
775 86 910 117 FROM
939 88 1116 121 CICERO.

210 191 267 215 xv.
300 178 431 225 Quum
463 179 626 218 Scaurus
665 180 889 218 nonnullam
929 181 1083 219 haberet
1120 183 1298 222 invidiam
1335 197 1383 222 ex
1421 197 1467 223 eo

159 244 262 292 quod
282 243 508 293 Phrygionis
538 244 723 294 Pompeii,
746 245 945 294 locupletis
965 245 1142 293 hominis,
1162 249 1265 286 bona
1284 249 1364 286 sine
1392 255 1466 286 tes-

158 314 327 346 tamento
349 309 582 357 possederat,
606 310 831 359 sederetque
851 311 1058 349 advocatus
1078 324 1143 350 reo
1164 312 1323 359 Bestiae,
1348 326 1466 363 quum
1485 316 1524 357 65

155 374 269 412 funus
298 374 494 424 quoddam
524 375 734 421 duceretur,
766 383 966 415 accusator
997 377 1040 415 C.
1072 377 1291 426 Memmius,
1318 382 1327 400 ‘
1345 379 1465 425 Vide:

157 439 288 488 inquit,
311 443 320 459 ‘
335 439 484 485 Scaure,
507 446 679 478 mortuus
699 441 854 490 rapitur,
875 443 906 479 si
926 451 1038 492 potes
1058 455 1141 481 esse
1163 445 1386 493 possessor.'

209 505 280 541 xvi.
311 505 460 554 Appius
480 506 601 542 maior
627 506 698 552 ille,
727 519 845 555 quum
870 516 1045 557 ageretur
1069 510 1107 545 in
1134 516 1267 547 senatu
1296 510 1342 547 de
1365 510 1464 559 agris

152 570 311 619 publicis
333 576 369 607 et
389 570 435 608 de
454 570 538 618 lege
559 570 703 608 Thoria
728 578 764 609 et
793 581 1027 621 premeretur
1056 573 1222 612 Lucilius
1251 576 1299 612 ab
1327 575 1372 613 iis
1401 575 1465 624 qui

110 646 115 649 ’
151 648 173 672 a
201 648 340 684 pecore
369 635 449 673 eius
478 636 631 685 depasci
661 649 774 685 agros
809 639 986 686 publicos
1022 639 1202 684 dicerent,
1237 639 1352 677 ‘Non
1383 640 1463 686 est,'
1484 646 1525 680 70

149 701 280 750 inquit,
315 700 474 739 ‘Lucilii
508 713 626 750 pecus
661 702 774 740 illud:
815 704 994 742 erratist’
1039 704 1242 742 defendere
1277 704 1463 742 Lucilium

149 766 362 804 videbatur:
385 770 393 785 ‘
408 778 480 815 ego
503 767 662 804 liberum
683 774 777 817 puto
798 781 904 816 esse3
936 782 1012 818 qua
1031 770 1144 815 lubet,
1164 769 1355 818 pascitur.’

201 832 286 868 xvii.
317 831 489 877 Crassus,
523 844 641 881 quum
676 832 846 871 laesisset
873 835 980 872 testis
1009 834 1107 872 Silus
1138 834 1329 880 Pisonem,
1357 835 1462 885 quod

149 909 188 934 se
218 897 257 934 in
286 909 374 934 eum
395 897 546 934 audisse
574 897 739 943 dixisset,
762 898 916 936 ‘Potest
940 899 1042 944 fieri,'
1065 900 1194 948 inquit,
1219 903 1227 918 ‘
1244 899 1328 945 Sile,
1353 907 1393 937 ut
1419 901 1461 946 is,

147 961 247 999 unde
268 969 304 999 te
325 962 476 999 audisse
497 962 601 1008 dicis,
623 963 738 1000 iratus
760 962 918 1000 dixerit.’
976 964 1122 1001 Annuit
1143 964 1251 1003 Silus.
1310 964 1461 1003 ‘Potest
1482 970 1519 1004 75

147 1028 271 1073 etiam,
292 1034 333 1064 ut
353 1034 392 1064 tu
413 1039 492 1065 non
518 1034 618 1064 recte
649 1028 901 1066 intellexeris.’
960 1029 1007 1065 Id
1036 1041 1190 1078 quoque
1219 1035 1300 1066 toto
1339 1031 1460 1080 capite

145 1093 286 1138 annuit,
317 1100 356 1130 ut
384 1105 423 1130 se
454 1091 594 1130 Crasso
620 1092 735 1131 daret.
794 1093 949 1131 ‘Potest
975 1094 1089 1130 etiam
1116 1092 1218 1140 fieri,'
1244 1095 1376 1143 inquit,
1398 1098 1460 1133 ‘ut

145 1158 315 1203 omnino,
347 1158 452 1207 quod
480 1164 516 1195 te
546 1158 697 1196 audisse
727 1158 832 1203 dicis,
863 1171 1076 1208 numquam
1106 1159 1292 1196 audieris.'
1370 1159 1460 1198 Hoc

144 1224 194 1261 ita
222 1231 369 1272 praeter
398 1223 724 1273 exspectationem
753 1224 900 1270 accidit,
932 1230 972 1261 ut
1002 1230 1137 1261 testem
1166 1224 1338 1261 omnium
1363 1225 1459 1262 risus

145 1289 330 1326 obrueret.

197 1355 297 1393 xviii.
327 1353 373 1400 C.
412 1353 574 1399 Laelius,
615 1366 734 1403 quum
772 1354 806 1391 ei
845 1354 1004 1403 quidam
1038 1353 1139 1391 malo
1173 1366 1313 1402 genere
1346 1360 1458 1392 natus

144 1420 295 1465 diceret,
327 1419 526 1468 indignum
553 1431 636 1457 esse
668 1420 742 1457 suis
769 1420 989 1465 maioribus,
1022 1419 1097 1456 ‘At
1125 1418 1299 1465 hercule,'
1324 1419 1457 1469 inquit,

143 1488 206 1523 ‘tu
227 1486 298 1522 tuis
320 1484 486 1533 (lignus.'

195 1552 270 1588 xix.
302 1550 356 1587 M.
387 1549 551 1595 Cincius,
586 1562 664 1600 quo
697 1550 756 1587 die
790 1550 915 1598 legem
950 1549 997 1587 de
1030 1549 1141 1587 donis
1172 1554 1209 1586 et
1235 1549 1457 1588 muneribus

143 1618 233 1662 tulit,
256 1629 373 1666 quum
395 1615 440 1653 C.
463 1615 587 1653 Cento
608 1616 820 1664 prodiisset,
842 1623 878 1652 et
899 1615 988 1652 satis
1010 1614 1297 1660 contumeliose,
1325 1618 1332 1633 ‘
1351 1614 1456 1661 Quid
1473 1620 1512 1660 85

143 1682 224 1727 fers,
261 1681 484 1719 Cinciole?’
533 1681 756 1729 quaesisset,
792 1679 868 1717 ‘Ut
892 1679 1022 1725 emas,’
1048 1679 1179 1728 inquit,
1207 1682 1215 1698 ‘
1234 1678 1314 1724 Gai,
1343 1679 1376 1717 si
1404 1675 1456 1717 uti

140 1747 251 1785 velis.’

191 1826 252 1850 xx.
284 1812 432 1850 Censor
461 1811 644 1860 Lepidus,
674 1823 794 1861 quum
824 1810 879 1848 M.
901 1811 1068 1848 Antistio
1101 1810 1285 1860 Pyrgensi
1313 1822 1455 1860 equum

140 1878 343 1917 ademisset
363 1878 551 1927 amicique
579 1889 697 1926 quum
717 1876 1012 1914 vociferarentur
1039 1882 1075 1913 et
1105 1883 1339 1926 quaererent,
1364 1877 1455 1925 quid

138 1945 196 1982 ille
217 1944 311 1993 patri
332 1955 401 1981 suo
423 1943 682 1992 responderet,
713 1955 779 1981 cur
806 1942 1028 1991 ademptum
1050 1941 1119 1979 sibi
1141 1953 1281 1991 equum
1302 1942 1453 1986 diceret,
1471 1951 1514 1984 90

137 2022 257 2060 quum
277 2009 442 2058 optimus
464 2008 634 2053 colonus,
657 2007 912 2056 parcissimus,
934 2006 1253 2053 modestissimus,
1281 2005 1453 2055 frugalis-

137 2077 254 2113 simus
275 2080 386 2120 esset‚
408 2077 416 2092 ‘
431 2071 498 2110 Me
519 2072 701 2119 istorum,'
722 2073 855 2123 inquit,
878 2075 887 2091 ‘
902 2071 994 2109 nihil
1015 2071 1193 2109 credere!

1477 1290 1520 1321 80

657 2226 718 2259 13.
757 2220 789 2257 A
825 2220 924 2258 Vz‘sil.

190 2340 234 2376 In
256 2338 478 2375 ‘lusculano
501 2349 618 2387 quum
643 2349 780 2383 essem,
802 2336 1014 2385 vellemque
1042 2348 1062 2373 e
1089 2334 1317 2373 bibliotheca
1343 2334 1453 2383 pueri
