1587 2533
530 116 686 146 GREEK
716 116 997 147 ANECDOTES.
1374 119 1418 157 tt)

103 210 303 248 defuerunt
315 223 324 257 ;
355 211 505 247 ubertas
526 211 708 248 orationis
728 223 807 248 non
829 210 955 248 defuit.
1013 208 1147 248 Clarae
1167 221 1255 246 vero
1276 216 1419 246 mortes

45 294 83 324 45
103 287 172 324 pro
206 275 326 324 patria
363 276 555 325 oppetitae
593 288 672 313 non
712 276 836 313 solum
874 276 1064 325 gloriosae
1103 275 1317 312 rhetoribus
1352 273 1419 311 scd

103 341 216 377 etiam
236 342 370 378 beatae
404 341 520 378 videri
556 341 687 378 solent.
749 341 943 390 Repetunt
974 341 1022 378 ab
1052 339 1280 385 Erechtheo,
1314 339 1420 376 cuius

102 407 215 444 etiam
250 407 346 444 filiae
381 406 517 456 cupide
556 414 719 444 mortem
757 407 1020 456 expetiverunt
1053 418 1123 456 pro
1152 406 1226 442 vita
1256 404 1419 442 civium:

103 470 287 516 Codrum,
320 470 385 520 qui
420 482 460 507 se
494 470 534 506 in
567 470 716 508 medios
749 471 906 508 immisit
934 471 1076 516 hostes,
1104 477 1207 508 veste
1237 469 1420 516 famulari,

103 548 150 573 ne
188 542 319 584 posset
355 536 526 585 agnosci,
559 536 590 573 si
621 542 721 573 esset
750 542 886 573 ornatu
915 537 1044 585 regio:
1088 535 1194 586 quod
1223 535 1421 573 oraculum

43 623 84 655 50
103 608 179 638 erat
209 601 348 647 datum,
381 601 412 638 si
441 613 506 638 rex
536 601 753 639 interfectus
783 607 893 648 esset,
923 601 1096 639 victrices
1124 601 1297 638 Athenas
1328 599 1420 637 fore.

104 665 340 704 Menoeceus
370 678 449 703 non
479 666 808 716 praetermittitur:
848 666 912 716 qui
945 666 1099 704 oraculo
1130 666 1231 703 edito
1267 665 1423 714 largitus

103 737 159 770 est
197 733 338 780 patriae
385 744 497 769 suum
542 732 780 781 sanguinem.
838 732 1040 781 Iphigenia
1078 731 1216 769 Aulide
1256 731 1343 768 duci
1382 743 1423 768 se

104 797 378 834 immolandam
399 797 513 843 iubet,
535 803 576 834 ut
595 797 763 834 hostium
784 798 939 847 sanguis
961 797 1129 835 eliciatur
1150 809 1231 835 suo.

158 862 330 900 Veniunt
363 862 452 900 inde
486 862 535 899 ad
568 863 759 912 propiora.
818 862 1056 901 Harmodius
1087 865 1126 900 in
1156 875 1223 900 ore
1253 869 1289 900 et
1318 862 1423 900 Aris-

45 951 82 982 55
103 929 273 977 togiton:
314 923 644 966 Lacedaemonius
672 928 866 966 Leonidas
889 929 1101 966 Thebanus
1129 928 1423 978 Epaminondas

102 994 242 1042 vigent.
301 993 467 1032 Nostros
487 1006 567 1031 non
595 1001 747 1040 norunt,
769 1006 867 1043 quos
888 1006 1109 1032 enumerare
1131 1006 1317 1044 magnum
1344 1000 1400 1031 est
1412 1007 1422 1041 5

103 1060 153 1096 ita
182 1065 270 1096 sunt
302 1059 408 1097 multi
443 1059 580 1110 quibus
600 1059 775 1098 videmus
805 1060 992 1110 optabiles
1020 1066 1163 1098 mortes
1191 1059 1307 1099 fuisse
1336 1072 1425 1098 cum

103 1124 234 1174 gloria.

337 1282 404 1316 23.
445 1277 656 1327 Happmess
683 1281 746 1316 not
771 1277 811 1316 z‘n
840 1276 1036 1316 Exsernal
1066 1277 1194 1318 Goods.

159 1388 346 1435 Socrates,
377 1401 496 1439 quum
525 1395 625 1427 esset
653 1401 701 1427 ex
730 1401 777 1427 eo
811 1390 1039 1438 quaesitum,
1069 1388 1312 1436 Archelaum,
1334 1389 1424 1427 Per-

103 1454 234 1492 diccae
286 1454 416 1501 filiurn,
465 1454 530 1505 qui
568 1461 648 1492 turn
686 1455 1007 1493 fortunatissimus
1045 1455 1260 1501 haberetur,
1295 1467 1424 1493 nonne

103 1523 258 1559 beatum
278 1522 452 1571 putaret?
485 1525 493 1540 ⁴
507 1521 625 1559 Haud
653 1521 755 1569 scio,'
776 1522 920 1572 inquit:
951 1525 959 1541 ⁴
974 1534 1188 1571 numquam
1214 1522 1315 1560 enirn
1335 1533 1425 1560 cum

103 1599 150 1625 eo
170 1587 381 1625 collocutus
402 1599 498 1625 sum.

63 1662 80 1693 5
157 1655 166 1672 ‘
181 1653 258 1690 Ain
277 1654 342 1690 tu?
379 1653 444 1690 An
465 1660 505 1690 tu
525 1653 631 1691 aliter
649 1652 688 1690 id
708 1652 804 1691 scire
824 1664 904 1690 non
924 1658 1034 1703 potes
1047 1652 1061 1690 ?
1074 1652 1083 1667 '

158 1717 298 1755 ‘Nullo
319 1718 466 1756 modo.'
979 1769 982 1772 Ι

157 1783 244 1821 ‘Tu
275 1783 386 1832 igitur
423 1796 472 1822 ne
504 1783 551 1822 de
585 1783 787 1822 Persarum
821 1783 978 1833 quidem
1008 1795 1098 1833 rege
1132 1795 1276 1833 magno
1312 1791 1423 1834 potes

102 1850 241 1897 dicere,
261 1850 444 1888 beatusne
465 1850 557 1888 sit?'

157 1916 243 1953 ‘An
272 1928 345 1965 ego
375 1915 533 1966 possim,
554 1928 672 1966 quum
701 1916 877 1966 ignorem
906 1927 1022 1965 quam
1051 1915 1099 1953 sit
1128 1914 1276 1962 doctus,
1307 1928 1422 1966 quam

47 1991 84 2013 ιο
102 1981 155 2018 vir
174 1982 325 2019 bonus?
339 1981 348 1997 '

157 2050 166 2067 ‘
180 2046 310 2094 Quid?
343 2053 383 2085 tu
401 2047 440 2084 in
460 2059 507 2085 eo
528 2047 640 2086 sitam
659 2047 775 2085 vitam
794 2047 946 2084 beatam
967 2044 1126 2096 putas?’

156 2112 238 2150 ‘Ita
257 2124 411 2162 prorsus
432 2113 619 2159 existimo,
641 2114 767 2151 bonos
788 2113 934 2160 beatos,
955 2112 1155 2162 improbos
1176 2112 1361 2152 miseros.’

157 2178 299 2216 ‘Miser
319 2190 412 2228 ergo
432 2178 643 2217 Archelaus
656 2178 686 2216 ?'

158 2247 167 2263 ‘
182 2243 305 2290 Certe,
327 2244 358 2281 si
378 2243 565 2282 iniustus!

0 2349 1 2358 ¹
49 2315 83 2349 ι5
157 2309 366 2347 Videturne
413 2321 569 2346 omnem
616 2308 677 2346 hic
723 2309 875 2346 beatam
922 2309 1037 2346 vitam
1083 2309 1122 2346 in
1169 2322 1247 2348 una
1288 2310 1422 2349 virtute

104 2375 274 2424 ponere?
344 2373 450 2420 Quid
496 2386 586 2412 vero
633 2374 672 2411 in
718 2374 939 2424 epitaphio?
996 2387 1074 2424 quo
1122 2376 1242 2414 modo
1290 2375 1422 2414 idem?

727 2451 748 2478 c
773 2451 790 2477 2
