1587 2533
127 92 178 135 28
479 100 721 133 EXTRACTS
749 102 809 133 FR
816 102 883 132 OM
912 102 1085 133 CICERO.

126 195 365 233 moderatio?
401 194 460 232 Ex
480 207 557 244 quo
579 195 836 245 Sardanapali,
858 195 1137 245 opulentissimi
1163 194 1294 244 Syriae
1320 195 1434 244 regis,

127 273 230 298 error
245 261 473 309 agnoscitur,
495 261 559 310 qui
579 260 694 298 incidi
714 261 821 298 iussit
839 261 878 297 in
897 261 1036 298 busto:

341 348 425 377 Haec
448 347 556 383 habeo,
579 357 655 385 quae
678 347 735 382 edi,
760 358 893 386 quaeque
917 353 1091 376 exsaturata
1115 347 1209 376 libido

343 402 470 431 Hausit:
509 407 539 431 at
564 402 611 430 illa
636 402 735 431 iacent
759 403 855 431 multa
878 408 907 432 et
930 402 1080 440 praeclara
1105 402 1214 431 relicta.

155 485 260 532 Quid
297 484 421 530 aliud:
459 484 580 534 inquit
621 484 856 531 Aristoteles,
896 486 956 523 ‘in
994 486 1102 523 bovis
1140 497 1220 522 non
1258 485 1298 522 in
1335 485 1435 533 regis
1456 496 1497 528 50

130 551 303 601 sepulcro
331 550 557 587 inscriberes
571 550 585 586 ?
599 548 607 562 '
642 549 753 587 Haec
773 550 912 588 habere
933 562 973 587 se
994 557 1188 587 mortuum
1210 550 1311 596 dicit,
1333 562 1433 600 quae

130 630 177 654 ne
197 617 300 654 vivus
321 615 475 666 quidem
497 615 634 652 diutius
654 613 828 661 habebat,
849 627 966 665 quam
985 615 1189 652 fruebatur.

357 752 427 786 29.
467 747 590 784 ‘illan
618 752 737 785 wants
765 747 829 784 but
853 748 944 784 little
971 747 1052 785 here
1081 746 1215 784 below.'

185 852 344 902 Scythes
372 850 604 889 Anacharsis
633 852 756 900 potuit
783 863 853 901 pro
882 851 1000 889 nihilo
1042 851 1246 901 pecuniam
1287 851 1439 898 ducere,

131 925 319 957 nostrates
347 916 565 967 philosophi
594 916 719 954 facere
755 929 836 954 non
876 918 1085 966 poterunt?
1143 916 1249 955 Illius
1286 917 1445 968 epistola

131 986 244 1023 fertur
284 983 342 1021 his
383 983 519 1028 verbis,
562 981 818 1020 ‘Anacharsis
866 982 1053 1020 Hannoni
1101 982 1273 1021 salutem.
1347 982 1444 1019 Mihi

132 1049 285 1088 amictui
331 1053 388 1086 est
442 1047 660 1096 Scythicum
710 1053 876 1095 tegmen,
938 1047 1229 1085 calciamentum
1276 1048 1445 1085 solorum

133 1116 281 1160 callum,
329 1113 451 1151 cubile
498 1120 605 1158 terra,
649 1112 940 1161 pulpamentum
987 1112 1119 1158 fames,
1162 1113 1269 1159 lacte,
1319 1125 1445 1159 caseo,
1464 1128 1481 1159 5

135 1192 247 1218 carne
267 1191 410 1216 vescor.
451 1178 579 1224 Quare
599 1184 640 1215 ut
659 1179 708 1215 ad
728 1178 898 1227 quietum
918 1190 979 1215 me
1000 1178 1086 1215 licet
1104 1178 1244 1215 venias.
1284 1177 1447 1215 Munera

136 1252 263 1283 autern
292 1245 373 1286 ista,
404 1244 541 1293 quibus
571 1255 611 1280 es
646 1243 863 1288 delectatus,
902 1243 960 1279 vel
997 1243 1140 1280 civibus
1169 1243 1242 1280 tuis
1280 1243 1338 1280 vel
1377 1243 1446 1282 diis

135 1309 410 1348 immortalibus
440 1308 566 1346 dona.'
625 1307 772 1345 Omnes
804 1307 881 1344 fere
911 1307 1131 1357 philosophi
1162 1307 1336 1345 omnium
1370 1308 1445 1346 dis-

136 1377 369 1426 ciplinarum,
398 1375 470 1411 nisi
508 1385 605 1423 quos
639 1386 661 1411 a
690 1379 792 1410 recta
821 1373 965 1410 ratione
994 1379 1129 1410 natura
1156 1373 1290 1410 vitiosa
1323 1373 1446 1411 detor-

137 1443 255 1488 sisset,
298 1441 437 1478 eodem
479 1439 553 1477 hoc
597 1439 725 1477 animo
768 1451 851 1476 esse
894 1444 1109 1487 potuerunt.
1153 1437 1367 1492 &Socrates
1407 1439 1446 1476 in
1467 1454 1506 1477 10

137 1519 280 1558 pompa
309 1518 428 1555 quum
457 1517 598 1554 magna
626 1505 680 1541 vis
709 1505 788 1541 auri
827 1505 1050 1554 argentique
1088 1494 1447 1551 ferretfir;*“*‘Qffa‘ffi

136 1573 254 1623 multa
283 1583 363 1608 non
392 1570 568 1608 desidero
585 1570 616 1606 l'
647 1570 779 1618 inquit.
837 1569 1085 1614 Xenocrates,
1106 1581 1225 1618 quum
1255 1569 1370 1618 legati
1398 1570 1447 1606 ab

137 1637 360 1675 Alexandro
392 1635 670 1685 quinquaginta
709 1635 743 1672 ei
781 1635 921 1672 talenta
963 1635 1184 1680 attulissent,
1229 1647 1327 1684 quae
1370 1642 1448 1672 erat

137 1703 301 1754 pecunia
329 1702 567 1751 temporibus
605 1700 684 1745 illis,
714 1699 875 1737 Athenis
909 1700 1140 1749 praesertim,
1170 1700 1349 1745 maxima,
1381 1701 1447 1737 ab·

138 1769 244 1806 duxit
263 1768 410 1816 legatos
431 1766 480 1804 ad
500 1778 659 1803 caenam
678 1766 716 1802 in
738 1765 987 1802 Academiam
1002 1778 1012 1812 ;
1041 1765 1086 1802 iis
1106 1765 1282 1814 apposuit
1303 1772 1448 1802 tantum
1472 1777 1506 1809 ¹5

140 1834 244 1885 quod
273 1833 362 1871 satis
383 1839 494 1877 esset,
522 1831 626 1868 nullo
656 1838 849 1880 apparatu.
908 1829 1039 1875 Quum
1065 1830 1246 1879 postridie
1272 1837 1450 1879 rogarent

139 1911 238 1945 eum,
271 1898 332 1936 cui
362 1898 551 1934 numerari
582 1897 750 1933 iuberet:
791 1894 945 1941 ‘Quid?
984 1907 1052 1932 vos
1086 1893 1284 1941 hesterna‚'
1317 1896 1449 1945 inquit,

141 1964 324 2003 ‘caenula
351 1975 431 2000 non
461 1962 702 2008 intellexistis,
733 1973 794 1998 me
823 1961 988 2010 pecunia
1024 1972 1104 1997 non
1144 1960 1304 2009 egereP'
1339 1960 1450 2007 Quos

141 2043 259 2081 quum
297 2029 478 2066 tristiores
517 2027 682 2072 vidisset,
711 2039 789 2063 xxx
819 2027 942 2063 minas
981 2026 1138 2074 accepit,
1177 2038 1225 2063 ne
1258 2027 1450 2075 aspernari

141 2097 240 2145 regis
270 2094 530 2132 liberalitatem
559 2093 756 2129 videretur.
813 2091 864 2128 At
888 2102 977 2127 vero
1003 2090 1200 2139 Diogenes
1226 2091 1388 2136 liberius,
1409 2097 1450 2128 ut
1469 2104 1510 2126 20

142 2161 320 2211 Cynicus,
351 2158 572 2196 Alexandro
599 2157 759 2206 roganti,
786 2163 827 2194 ut
850 2156 1001 2201 diceret,
1033 2156 1063 2192 si
1094 2156 1184 2205 quid
1211 2168 1310 2205 opus
1338 2163 1448 2203 esset,

143 2231 151 2246 ‘
172 2225 471 2274 Nunc-quidem
491 2222 723 2272 paullulum,’
747 2222 879 2270 inquit,
902 2225 948 2259 ‘a
976 2220 1102 2258 sole’:
1142 2221 1323 2258 offecerat
1350 2221 1450 2259 vide-

142 2293 226 2328 licet
266 2290 459 2339 apricanti.
531 2288 579 2325 Et
612 2288 672 2325 hic
704 2287 859 2337 quidem
893 2287 1083 2335 disputare
1116 2287 1271 2331 solebat,
1307 2293 1451 2336 quanto

143 2368 272 2404 regem
293 2355 492 2392 Persarum
509 2355 582 2390 vita
602 2353 828 2401 fortunaque
850 2357 1043 2400 superaret
1061 2364 1068 2388 :
1100 2352 1170 2388 sibi
1191 2351 1281 2388 nihil
1303 2352 1450 2390 deesse:
