1587 2533
132 100 184 140 62
475 109 718 141 EXTRAOTS
745 111 882 142 FRoM
909 111 1086 141 CICERO.

131 201 347 238 dominatur
375 202 414 238 in
445 214 546 239 suos.
605 201 658 239 Ut
687 202 790 239 enim
819 203 1114 248 adolescentem,
1148 203 1188 240 in
1215 216 1291 252 quo
1320 203 1438 241 senile

130 266 281 314 aliquid,
313 267 367 304 sic
397 278 541 313 senem,
570 267 609 303 in
638 279 715 316 quo
745 273 801 304 est
830 267 970 316 aliquid
1000 267 1264 314 adolescentis,
1294 269 1439 317 probo:

131 330 234 378 quod
263 331 326 379 qui
357 332 535 380 sequitur,
556 343 717 381 corpore
746 343 863 369 senex
893 344 976 370 esse
1004 332 1152 381 poterit,
1174 332 1301 370 animo
1331 345 1441 369 num-

132 406 246 443 quam
276 396 354 434 erit.
1458 402 1496 432 35

453 503 516 537 12.
559 498 763 548 Specz‘mens
791 500 839 549 (ff
856 498 1005 537 Roman
1041 500 1122 537 Wit.

182 602 204 640 i.
235 602 456 640 Ridiculum
477 609 534 640 est
554 602 645 640 illud
672 601 937 639 Neronianum
967 610 1073 640 vetus
1103 603 1142 639 in
1158 591 1295 641 ⁷surace
1322 615 1442 650 servo,

131 669 139 685 ‘
155 666 287 704 Solum
314 680 409 713 esse,
440 668 499 705 cui
530 667 635 704 domi
661 667 754 704 nihil
781 667 827 704 sit
850 680 922 705 nec
948 668 1192 717 obsignatum
1221 681 1293 706 nec
1319 669 1443 706 occlu-

131 744 215 768 sum
230 744 238 768 :
255 730 265 745 '
295 733 400 785 quod
419 732 521 770 idem
541 733 580 769 in
604 733 709 770 bono
737 744 844 770 servo
873 732 1096 791 dician
1127 733 1194 771 sed
1214 733 1289 771 hoc
1309 734 1444 771 iisdem

130 797 242 834 etiam
261 799 397 836 verbis.

184 863 218 899 ii.
249 862 431 900 Africano
452 863 514 901 illo
535 852 681 909 maiori,
702 875 886 901 coronam
907 863 977 901 sibi
997 863 1036 900 in
1056 864 1229 902 convivio
1254 864 1303 902 ad
1330 871 1445 914 caput
1463 876 1480 907 5

131 929 453 971 accommodanti,
483 941 601 978 quum
635 941 681 966 ea
718 929 872 980 saepius
909 937 1157 979 1·,umperetur
1196 930 1237 968 P.
1275 929 1444 968 Licinius

131 993 268 1039 Varus,
300 992 414 1030 ‘Noli
443 994 581 1040 mirari,
585 992 775 1050 'inquitst
790 994 821 1031 si
850 1005 929 1031 non
958 995 1158 1053 convenit3
1199 1001 1313 1044 caput
1342 996 1444 1055 enim

131 1069 317 1108 magnum
337 1056 416 1107 est!
1394 1062 1426 1070 ““

184 1123 232 1159 ἱίἰ.
265 1122 422 1169 Titium,
443 1134 562 1173 quum
583 1123 752 1161 studiose
772 1122 848 1172 pila
867 1122 1012 1161 luderet
1031 1130 1068 1161 et
1087 1124 1189 1162 idem
1210 1124 1320 1173 signa
1339 1137 1445 1163 sacra

130 1194 249 1226 noctu
268 1187 441 1236 frangere
462 1194 666 1237 putaretur,
688 1188 950 1238 gregalesque,
965 1201 1083 1239 quum
1103 1190 1142 1227 in
1163 1202 1344 1240 campum
1365 1202 1444 1228 non
1466 1205 1502 1226 lo

130 1253 306 1298 venisset,
326 1253 572 1302 requirerent,
603 1255 797 1291 excusavit
824 1253 957 1303 Vespa
983 1255 1198 1301 Terentius,
1222 1255 1329 1305 quod
1357 1268 1444 1294 eum

134 1322 142 1338 ‘
158 1318 356 1356 brachium
376 1318 535 1367 fregisse
551 1318 560 1333 '
577 1318 729 1356 diceret.

184 1383 230 1421 iv.
261 1382 423 1420 Crassus
451 1383 602 1421 cuidam
636 1383 701 1433 qui
737 1394 826 1420 eum
864 1389 1028 1431 rogarat,
1065 1395 1158 1420 num
1196 1384 1230 1421 ei
1261 1384 1445 1422 molestus

132 1454 231 1486 esset
250 1447 409 1493 futurus,
431 1447 462 1485 si
482 1447 531 1485 ad
551 1460 639 1485 eum
658 1448 758 1485 bene
779 1454 866 1485 ante
886 1448 1012 1485 lucem
1031 1449 1207 1494 venisset,
1224 1451 1232 1467 ‘
1247 1447 1310 1486 Tu
1329 1447 1444 1494 vero‚'

132 1513 265 1563 inquit,
284 1513 494 1550 ‘molestus
515 1525 593 1550 non
614 1513 709 1550 eris!
745 1512 923 1550 ‘Iubebis
943 1513 1054 1562 igitur
1074 1513 1131 1559 te‚’
1152 1513 1285 1563 inquit,
1301 1514 1443 1552 ‘susei-
1467 1532 1477 1552 ι
1484 1531 1500 1562 5

132 1577 252 1616 tari?’
273 1584 310 1616 et
329 1579 400 1624 ille,
423 1582 432 1598 ‘
447 1577 558 1616 Certe
580 1590 763 1627 negaram
784 1584 819 1615 te
840 1578 1045 1615 molestum
1065 1578 1258 1616 futurum?

186 1656 219 1681 v.
248 1643 292 1681 L.
322 1643 481 1680 Porcius
508 1642 652 1680 Nasica
678 1642 825 1680 censori
847 1642 997 1688 Catoni,
1026 1655 1145 1693 quum
1175 1643 1246 1689 ille,
1278 1643 1361 1681 ‘Ex
1391 1644 1445 1681 tui

131 1710 247 1747 animi
268 1708 457 1746 sententia
476 1714 516 1745 tu
535 1719 695 1745 uxorem
715 1707 833 1745 habes
847 1706 881 1744 ?'
912 1710 921 1727 ‘
936 1707 1030 1745 Non
1042 1707 1217 1755 hercule,’
1234 1708 1389 1759 inquit,‘
1397 1721 1444 1746 ex

131 1774 206 1811 mei
227 1773 344 1810 animi
365 1773 575 1810 sententia.'

184 1838 230 1876 vi.
261 1837 394 1884 Quum
416 1836 460 1876 C.
481 1837 656 1875 Fabricio
676 1837 717 1875 P.
734 1835 949 1884 Cornelius,
979 1837 1111 1884 homo,
1136 1843 1178 1875 ut
1206 1837 1444 1876 existimaba-
1463 1855 1502 1876 20

131 1912 202 1950 tur,
222 1915 358 1946 avarus
387 1908 424 1940 et
452 1902 572 1948 furax,
594 1903 663 1940 sed
690 1902 844 1951 egregie
872 1902 979 1941 fortis
1008 1909 1044 1941 et
1073 1903 1197 1940 bonus
1226 1903 1443 1953 imperator,

131 1969 272 2018 gratias
301 1975 443 2017 ageret,
474 1968 580 2018 quod
613 1980 654 2006 se
687 1968 808 2008 homo
843 1969 1018 2006 inimicus
1052 1968 1251 2006 consulem
1283 1969 1445 2017 fecisset,

131 2035 231 2073 bello
250 2033 473 2083 praesertim
493 2045 636 2082 magno
657 2040 694 2071 et
712 2034 828 2082 gravi,
850 2032 971 2072 ‘Nihil
991 2039 1058 2079 est,
1075 2033 1180 2083 quod
1194 2033 1285 2071 mihi
1305 2035 1445 2083 gratias

133 2098 249 2149 agas,'
270 2098 433 2147 inquit,·‘
450 2098 480 2135 si
501 2098 615 2135 malui
635 2098 832 2148 compilari
852 2110 968 2148 quam
988 2097 1138 2135 venire.’

185 2165 245 2203 vii.
277 2163 326 2210 Q.
357 2163 511 2201 Mucius
537 2163 720 2201 Scaevola
747 2163 1013 2214 Septumuleio
1039 2164 1259 2213 Anagnino,
1287 2163 1348 2202 cui
1374 2175 1444 2214 pro
1465 2177 1501 2208 25

133 2231 177 2269 C.
218 2228 383 2268 Gracchi
422 2229 545 2278 capite
574 2235 654 2267 erat
682 2241 816 2266 aurum
845 2241 1061 2278 repensum,
1090 2229 1241 2279 roganti
1269 2236 1309 2267 ut
1337 2241 1378 2267 se
1406 2229 1445 2266 in

134 2296 267 2334 Asiam
295 2293 530 2344 praefectum
560 2295 724 2340 duceret,
748 2294 876 2341 ‘Quid
902 2294 967 2331 tibi
989 2293 1066 2340 vis,'
1093 2294 1225 2344 inquit,
1261 2294 1445 2332 ‘insane?

135 2360 263 2397 Tanta
282 2358 471 2396 malorum
491 2365 549 2397 est
569 2359 771 2396 multitudo
791 2359 941 2404 civium,
961 2365 1001 2396 ut
1021 2359 1086 2396 tibi
1106 2371 1181 2410 ego
1206 2358 1281 2396 hoc
1308 2358 1445 2397 confir-
