1587 2533
134 123 178 153 11.
201 130 234 163 7·
366 110 539 152 ROME'S
567 121 692 152 RULE
724 120 781 150 OF
809 120 904 150 HER
935 118 1210 148 PROVJNCES.
1374 118 1454 159 247

134 227 172 258 et
190 220 374 270 religione
394 219 495 258 Iovis
516 218 722 268 Capitolini
741 224 778 255 et
803 217 1005 255 hominum
1025 216 1306 255 existimatione
1334 215 1456 264 impe-

136 287 206 324 diri
226 275 378 332 diceret,
399 285 503 335 quod
529 285 670 322 multae
699 284 874 321 nationes
903 290 1019 321 testes
1047 289 1176 320 essent
1205 282 1302 319 illius
1329 281 1457 329 operis

135 364 180 390 ac
199 352 389 388 muneris:
419 351 488 388 iste
515 349 662 388 homini
682 349 819 386 minari
845 349 1028 386 acerrime
1049 348 1187 397 coepit.
1244 346 1322 383 Ubi
1343 345 1455 390 videt,

135 429 225 454 eum
251 416 369 454 nihilo
395 416 519 464 magis
546 415 658 452 minis
688 427 805 464 quarn
832 415 1010 463 precibus
1035 412 1270 462 permoveri:
1299 416 1458 460 repente

74 495 119 527 90
135 481 332 519 hominem
361 481 408 518 de
437 480 631 530 provincia
659 480 762 516 iubet
791 486 878 517 ante
908 486 1063 516 noctem
1094 478 1302 516 decedere:
1338 476 1388 513 ait
1418 487 1458 513 se

136 547 371 596 comperisse
395 559 443 584 ex
472 546 552 583 eius
581 557 701 594 regno
727 545 866 594 piratas
895 545 933 581 in
964 544 1130 582 Siciliam
1154 555 1238 581 esse
1265 549 1458 579 venturos.

137 613 224 650 Rex
251 612 420 649 maximo
449 617 640 649 conventu
671 609 877 659 Syracusis,
897 610 937 647 in
967 609 1062 655 foro,
1084 622 1133 647 ne
1162 609 1246 658 quis
1275 607 1370 644 sorte
1397 619 1460 643 me

135 677 176 715 in
195 678 350 715 crimine
371 678 536 714 obscuro
562 675 701 713 versari
727 682 840 724 atque
861 675 1042 724 affingere
1069 674 1213 724 aliquid
1241 672 1459 722 suspicione

137 742 339 780 hominum
360 742 569 787 arbitretur,
590 741 629 777 in
649 741 745 786 foro,
766 741 934 789 inquam,
959 739 1155 788 Syracusis
1176 739 1273 776 flens
1300 750 1345 775 ac
1365 737 1460 774 deos

76 817 118 852 95
137 808 389 858 hominesque
418 813 638 844 contestans
665 806 829 843 clamare
856 806 994 854 coepit,
1016 805 1288 842 candelabrum
1316 803 1461 840 factum

137 886 159 912 e
178 873 354 923 gemmis,
374 872 478 922 quod
504 873 542 909 in
563 872 796 921 Capitolium
822 872 1007 908 missurus
1034 877 1146 915 esset,
1169 870 1276 919 quod
1301 870 1340 906 in
1364 876 1461 906 tem-

138 939 203 988 plo
223 938 432 975 clarissimo
458 937 604 987 populo
631 937 813 974 Romano
833 943 1129 973 monumentum
1153 947 1244 972 suae
1269 934 1461 972 societatis

138 1003 402 1052 amicitiaeque
430 1015 516 1041 esse
535 1003 727 1048 voluisset,
748 1002 787 1040 id
807 1002 878 1040 sibi
908 1001 951 1040 C.
974 1001 1135 1039 Verrem
1156 1001 1382 1039 abstulisse:
1413 1000 1461 1037 de

138 1069 272 1108 ceteris
301 1069 482 1117 operibus
512 1080 558 1105 ex
589 1080 681 1105 auro
711 1075 747 1106 et
775 1068 950 1117 gemmis,
972 1080 1070 1118 quae
1109 1079 1179 1104 sua
1206 1079 1327 1116 penes
1356 1067 1462 1103 illum

59 1145 120 1167 100
139 1140 278 1181 essent,
307 1146 349 1172 se
386 1145 467 1171 non
503 1134 700 1171 laborare:
744 1133 818 1171 hoc
848 1134 919 1170 sibi
957 1133 1063 1182 eripi,
1094 1134 1277 1170 miserum
1310 1145 1394 1170 esse
1425 1139 1462 1169 et

137 1200 364 1249 indignum:
393 1199 432 1237 id
460 1199 529 1236 etsi
558 1205 672 1236 antea
700 1199 776 1235 iam
805 1207 933 1236 mente
962 1205 999 1236 et
1028 1199 1262 1247 cogitatione
1292 1210 1360 1235 sua
1386 1197 1460 1234 sra-

136 1266 278 1315 trisque
299 1264 357 1302 sui
375 1270 642 1302 consecratum
662 1270 773 1309 esset,
794 1270 925 1301 tamen
951 1270 1032 1300 tum
1054 1275 1094 1300 se
1115 1264 1154 1300 in
1184 1263 1247 1300 illo
1268 1270 1461 1301 conventu

138 1331 276 1367 civium
315 1330 585 1367 Romanorum
624 1329 726 1374 dare,
758 1329 913 1374 donare,
944 1329 1082 1374 dicare,
1113 1341 1337 1366 consecrare
1377 1328 1460 1365 Iovi

139 1394 298 1444 Optimo
319 1395 505 1440 Maximo,
528 1402 741 1444 testemque
768 1395 895 1444 ipsum
916 1393 1051 1431 Iovem
1078 1406 1169 1431 suae
1190 1394 1395 1432 voluntatis
1416 1406 1461 1432 ae

59 1473 118 1506 105
137 1461 331 1510 religionis
349 1460 542 1499 adhibere.
567 1464 570 1467 ’

193 1538 228 1573 4.
259 1525 370 1572 Quae
390 1538 476 1572 vox,
498 1538 596 1576 quae
621 1526 749 1572 latera,
772 1538 870 1576 quae
896 1526 993 1564 vires
1022 1525 1134 1563 huius
1161 1526 1273 1563 unius
1295 1525 1463 1563 criminis

138 1592 417 1642 querimoniam
437 1598 600 1641 possunt
619 1593 806 1630 sustinere
822 1593 836 1630 ?
882 1591 968 1628 Rex
984 1590 1207 1636 Antiochus,
1225 1591 1289 1640 qui
1310 1591 1462 1629 Romae

139 1664 227 1695 ante
256 1657 391 1695 oculos
418 1658 595 1695 omnium
624 1664 800 1695 nostrum
827 1657 1024 1694 biennium
1044 1657 1121 1693 fere
1150 1657 1334 1694 comitatu
1354 1658 1461 1706 regio

139 1729 254 1772 atque
282 1729 418 1760 ornatu
446 1723 589 1769 fuisset,
610 1723 642 1760 is
671 1735 790 1773 quum
820 1723 967 1760 amicus
988 1729 1034 1759 et
1063 1723 1190 1760 socius
1220 1723 1352 1772 populi
1381 1723 1462 1761 Ro-

57 1799 121 1822 110
138 1788 243 1825 mani
272 1793 383 1833 esset,
413 1788 646 1826 amicissimo
678 1795 797 1838 patre,
826 1800 910 1833 avo,
940 1788 1160 1833 maioribus,
1190 1789 1462 1838 antiquissimis

138 1861 176 1892 et
203 1853 418 1891 clarissimis
444 1854 609 1903 regibus,
630 1855 923 1903 opulentissimo
944 1860 981 1891 et
1007 1854 1178 1891 maximo
1202 1866 1334 1903 regno,
1355 1867 1463 1904 prae-

139 1931 230 1968 ceps
258 1918 454 1967 provincia
479 1920 611 1968 populi
639 1919 808 1957 Romani
832 1920 1052 1957 exturbatus
1079 1926 1147 1957 est.
1196 1919 1462 1966 Quemadmo-

140 1984 232 2022 dum
259 1983 332 2021 hoc
358 1991 581 2033 accepturas
607 1986 783 2022 nationes
813 1992 973 2031 exteras,
995 1985 1325 2035 quemadmodum
1352 1986 1462 2024 huius

139 2051 193 2087 tui
224 2049 311 2087 facti
340 2048 481 2087 famam
519 2051 557 2088 in
586 2063 706 2100 regna
744 2051 905 2088 aliorum
943 2057 1058 2100 atque
1087 2052 1127 2088 in
1159 2052 1311 2090 ultimas
1343 2059 1462 2091 terras

59 2129 119 2163 115
139 2121 406 2165 perventuram
434 2116 586 2163 putasti,
607 2129 726 2166 quum
756 2117 940 2162 audirent,
961 2128 983 2154 a
1013 2123 1187 2165 praetore
1216 2118 1350 2167 populi
1381 2118 1462 2156 Ro-

140 2180 244 2218 mani
281 2180 321 2217 in
365 2181 560 2229 provincia
600 2182 783 2219 violatum
825 2194 968 2230 regern,
1011 2182 1215 2231 spoliatum
1257 2184 1461 2232 hospitem,

139 2246 304 2284 eiectum
343 2245 490 2282 socium
528 2247 659 2295 populi
690 2247 859 2284 Romani
898 2253 1012 2297 atque
1050 2248 1247 2285 amicum?
1305 2247 1463 2286 Nomen

139 2318 304 2348 vestrum
334 2311 543 2360 populique
573 2311 741 2349 Romani
762 2312 852 2349 odio
880 2318 993 2362 atque
1020 2313 1214 2350 acerbitati
1241 2313 1375 2351 scitote
1396 2327 1462 2352 na-

140 2377 308 2415 tionibus
334 2377 482 2424 exteris,
504 2377 659 2424 iudices,
679 2377 859 2423 futurum,
881 2377 913 2414 si
937 2377 1043 2416 istius
1072 2377 1168 2415 haec
1197 2384 1302 2416 tanta
1328 2379 1464 2419 iniuria
