1587 2533
149 107 226 161 136
490 115 732 146 EXTRACTS
760 115 892 145 FROM
923 114 1098 145 CICERO.
1299 119 1375 148 sect.
1397 118 1449 148 111.

145 215 235 251 solis
272 214 411 252 ultimis
449 221 514 251 aut
551 214 738 263 aquilonis
775 214 935 250 austrive
964 214 1134 262 partibus
1168 221 1275 250 tuum
1304 226 1448 251 nomen

146 279 298 316 audiet?
374 279 524 325 Quibus
569 278 783 326 amputatis,
822 278 944 314 cernis
988 277 1161 325 profecto
1210 279 1360 326 quantis
1410 280 1449 315 in

145 344 329 391 angustiis
367 351 491 379 vestra
527 343 648 391 gloria
685 354 725 379 se
758 342 901 379 dilatari
934 342 1030 378 velit.
1100 341 1179 390 Ipsi
1211 349 1348 388 autem,
1385 343 1450 391 qui

145 407 192 444 de
221 408 328 444 vobis
357 408 572 456 loquuntur,
602 407 783 455 quamdiu
811 406 1038 454 loquentur?

198 476 261 509 12.
292 474 300 490 ‘
314 471 418 517 Quin
445 472 558 509 etiam
581 473 612 508 si
633 472 759 519 cupiat
784 471 911 519 proles
938 471 999 507 illa
1019 470 1231 507 futurorum
1250 471 1451 508 hominum

145 537 324 584 deinceps
343 536 474 573 laudes
494 537 606 572 unius
631 537 813 585 cuiusque
841 545 1012 572 nostrum
1033 548 1054 572 a
1074 536 1244 583 patribus
1273 544 1450 584 acceptas

145 603 306 649 posteris
344 602 515 650 prodere,
555 609 684 638 tamen
721 607 874 649 propter
918 600 1112 637 eluviones
1157 600 1451 648 exustionesque

146 674 338 711 terrarum,
378 678 472 715 quas
510 666 680 703 accidere
718 672 890 713 tempore
930 672 1034 701 certo
1073 676 1230 701 necesse
1267 671 1334 707 est,
1373 676 1452 701 non

146 731 264 768 modo
295 738 500 776 aeternam,
530 731 598 768 sed
631 742 678 767 ne
712 730 926 766 diuturnam
964 729 1119 778 quidem
1157 729 1318 777 gloriam
1352 742 1453 767 asse-

148 796 213 845 qui
253 808 470 845 possumus.
544 794 649 840 Quid
686 801 813 831 autern
850 795 1003 831 interest
1041 794 1089 829 ab
1127 794 1181 838 iis,
1222 795 1286 842 qui
1318 801 1455 842 postea

149 868 362 905 nascentur,
394 872 612 897 sermonem
641 859 720 896 fore
749 859 795 896 de
824 865 872 904 te,
894 870 1012 908 quum
1042 859 1089 895 ab
1119 858 1162 895 iis
1188 858 1312 895 nullus
1332 859 1453 903 fuerit,

151 925 216 973 qui
249 933 336 962 ante
370 926 446 961 nati
482 925 593 962 sunt?
640 925 705 973 qui
733 936 805 961 nec
837 924 1049 973 pauciores,
1079 930 1115 959 et
1149 930 1249 960 certe
1281 923 1456 960 meliores

150 990 299 1026 suerunt
329 991 416 1026 viri:
456 1002 574 1039 quum
606 990 827 1038 praesertim
861 989 963 1037 apud
1000 999 1067 1025 eos
1105 988 1222 1036 ipsos,
1259 1000 1282 1024 a
1318 988 1456 1037 quibus

152 1054 270 1091 audiri
299 1066 441 1091 nomen
470 1062 643 1091 nostrum
671 1061 806 1103 potest,
827 1064 942 1090 nemo
971 1053 1083 1089 unius
1113 1053 1202 1089 anni
1230 1053 1456 1089 memoriam

153 1119 337 1167 consequi
375 1120 506 1167 possit.
565 1118 755 1155 Homines
794 1118 895 1155 enim
926 1118 1159 1166 populariter
1193 1129 1337 1154 annum
1375 1125 1457 1154 tan-

152 1184 352 1221 tummodo
383 1184 483 1229 solis,
504 1184 542 1221 id
571 1191 626 1220 est
654 1184 766 1220 unius
795 1184 893 1227 astri,
924 1183 1045 1219 reditu
1073 1183 1299 1219 metiuntur:
1339 1194 1458 1230 quum

153 1257 280 1286 autem
318 1249 367 1285 ad
404 1249 516 1292 idem,
551 1249 654 1285 unde
692 1248 810 1285 semel
847 1247 1017 1296 profecta
1055 1254 1153 1291 sunt,
1186 1258 1324 1284 cunct]
1361 1254 1462 1284 astra

153 1314 341 1357 redierint,
363 1314 614 1362 eamdemque
635 1314 749 1350 totius
769 1312 859 1349 anni
888 1311 1182 1359 descriptionem
1203 1311 1328 1359 longis
1349 1312 1464 1348 inter-

156 1379 259 1415 vallis
279 1378 481 1421 retulerint,
502 1386 582 1414 turn
602 1378 661 1414 ille
681 1390 765 1414 vere
787 1384 934 1414 vertens
955 1388 1077 1413 annus
1109 1376 1289 1424 appellari
1310 1382 1436 1424 potest
1453 1389 1459 1412 :

155 1444 194 1480 in
232 1455 308 1492 quo
347 1443 407 1479 vix
442 1443 566 1479 dicere
605 1442 727 1479 audeo
768 1453 882 1491 quam
919 1440 1038 1477 multa
1076 1441 1226 1477 saecula
1264 1440 1463 1478 hominum

156 1515 364 1545 teneantur.
423 1507 600 1556 Namque
638 1515 679 1544 ut
716 1507 807 1543 olim
846 1506 1006 1543 deficere
1045 1505 1102 1542 sol
1141 1505 1360 1543 hominibus
1400 1518 1464 1543 ex-

157 1573 371 1622 stinguique
407 1573 508 1609 visus
545 1580 612 1617 est,
642 1584 761 1621 quum
800 1571 955 1608 Romuli
993 1571 1143 1608 animus
1173 1571 1266 1607 haec
1304 1572 1388 1619 ipsa
1425 1572 1464 1608 in

156 1638 300 1686 templa
328 1637 556 1686 penetravit;
587 1637 649 1682 ita,
670 1637 902 1685 quandoque
931 1635 1066 1672 eadem
1095 1642 1200 1684 parte
1226 1635 1282 1672 sol
1310 1635 1465 1673 eodem-

158 1715 231 1752 que
251 1711 423 1752 tempore
452 1702 587 1739 iterum
616 1701 804 1745 defecerit,
826 1708 907 1737 tum
936 1700 1053 1748 signis
1077 1700 1255 1737 omnibus
1285 1700 1334 1737 ad
1362 1700 1465 1737 idern

158 1768 388 1816 principium
427 1767 618 1815 stellisque
657 1766 852 1810 revocatis,
891 1764 1082 1813 expletum
1121 1777 1265 1801 annum
1303 1764 1464 1801 habeto:

159 1833 270 1869 huius
305 1832 461 1881 quidem
491 1832 581 1868 anni
614 1831 788 1868 nondum
817 1830 1043 1878 vigesimam
1073 1837 1220 1878 partem
1254 1829 1348 1875 scito
1382 1841 1466 1866 esse

161 1910 395 1935 conversam.

215 1967 277 2001 13.
308 1962 532 2008 ‘Quocirca‚
565 1962 596 1999 si
632 1961 794 1998 reditum
827 1959 867 1997 in
900 1959 1002 1997 hunc
1035 1958 1164 1996 locum
1199 1959 1467 2008 desperaveris,

163 2029 202 2065 in
235 2039 312 2077 quo
350 2028 480 2064 omnia
517 2033 605 2064 sunt
641 2026 791 2074 magnis
829 2032 866 2062 et
898 2025 1176 2074 praestantibus
1210 2025 1308 2070 viris,
1340 2024 1470 2073 quanti

164 2094 319 2130 tandem
357 2100 414 2129 est
450 2092 521 2128 ista
557 2091 757 2127 hominum
793 2089 923 2138 gloria,
962 2101 1059 2138 quae
1099 2089 1287 2137 pertinere
1323 2089 1385 2125 'vix
1422 2088 1471 2125 ad

164 2158 275 2195 unius
313 2156 402 2193 anni
440 2162 587 2205 partem
625 2155 802 2203 exiguam
837 2154 988 2203 potest?
1044 2154 1163 2202 Igitur
1201 2154 1272 2191 alte
1302 2160 1472 2202 spectare

166 2224 196 2260 si
225 2221 339 2267 voles,
370 2228 483 2270 atque
511 2220 610 2256 hanc
640 2219 770 2256 sedem
799 2226 835 2255 et
864 2226 1056 2256 aeternam
1097 2218 1257 2256 domurn
1287 2217 1470 2262 contueri,

166 2299 292 2336 neque
311 2293 348 2324 te
368 2285 607 2322 sermonibus
626 2284 726 2332 vulgi
753 2283 911 2329 dederis,
932 2295 1004 2320 nec
1027 2284 1067 2319 in
1093 2283 1269 2332 praemiis
1297 2282 1472 2319 humanis

168 2364 277 2402 spem
313 2350 486 2401 posueris
523 2360 649 2387 rerum
685 2356 852 2386 tuarum:
901 2348 978 2385 suis
1017 2354 1054 2385 te
1097 2355 1247 2397 oportet
1288 2347 1471 2384 illecebris

1471 289 1529 318 180

1474 613 1529 652 185

1478 943 1536 973 ¹90

1482 1262 1538 1293 ¹95

1482 1590 1545 1613 200

1486 1921 1546 1952 ²05

1491 2237 1552 2258 210
1586 2245 1587 2250 ¹
