1587 2533
148 124 191 154 11.
208 133 242 165 4.
380 112 552 154 ROME'S
581 123 705 153 RULE
738 123 795 153 OF
823 124 919 154 HER
951 124 1231 156 PROVINCES.
1385 129 1468 172 239

143 227 239 266 hacc
274 227 384 276 signa
417 229 618 266 venderet:
657 235 771 277 teque
800 229 871 266 ista
901 229 1143 266 simulatione
1172 228 1391 278 emptionis,
1421 228 1469 273 vi,

143 299 260 338 metu,
280 292 454 341 imperio,
471 293 649 338 fascibus,
670 294 718 329 ab
738 293 894 331 homine
915 306 974 340 eo,
992 306 1108 343 quem
1127 306 1205 331 una
1226 306 1314 330 cum
1335 293 1470 330 ceteris

56 375 114 406 ¹45
144 357 258 394 sociis
279 369 358 394 non
380 358 505 394 solum
532 358 711 407 potestati
732 365 830 404 tuae,
852 359 919 396 sed
940 359 1056 396 etiam
1078 359 1165 396 fidei
1193 358 1360 408 populus
1389 357 1471 394 Ro-

142 434 281 459 manus
302 423 557 468 commiserat,
578 423 761 472 eripuisse
782 431 896 473 atque
916 425 1130 462 abstulisse.

198 496 232 536 7.
265 487 371 534 Quid
399 489 492 525 mihi
521 495 598 525 tam
628 489 854 538 optandum,
875 489 1031 535 iudices,
1053 495 1181 538 potest
1209 502 1293 527 esse
1323 488 1362 525 in
1393 488 1469 526 hoc

142 554 311 600 crimine,
332 567 449 604 quam
469 561 510 592 ut
529 555 623 592 haec
651 555 787 592 eadem
808 555 909 593 dicat
935 556 1017 604 ipse
1039 555 1192 593 Heius?
1248 554 1353 592 Nihil
1380 567 1471 604 pro-

142 619 254 656 fecto.
312 618 388 656 Sed
417 632 467 656 ne
501 619 666 656 difficilia
693 626 883 669 optemus,
942 620 1067 657 Heius
1101 627 1159 658 est
1192 619 1469 658 Mamertinus:

65 698 73 718 ι
82 697 123 728 50
143 684 374 722 Mamertina
393 685 523 722 civitas
550 685 663 722 istum
691 685 842 734 publice
863 686 1061 723 communi
1088 686 1250 723 consilio
1278 686 1361 724 sola
1390 686 1471 723 lau-

141 749 228 787 dat:
257 750 438 787 omnibus
458 750 539 799 ipse
560 750 693 787 ceteris
720 749 856 787 Siculis
877 750 968 787 odio
989 757 1068 788 est:
1098 752 1147 788 ab
1174 750 1232 788 his
1254 751 1345 788 solis
1365 763 1470 788 ama-

141 822 222 852 tur:
252 815 332 852 eius
359 822 487 852 autem
513 815 727 864 legationis,
751 828 850 864 quae
880 815 929 852 ad
956 816 1070 852 istum
1098 815 1335 853 laudandum
1354 816 1470 853 missa

141 888 208 927 est,
230 881 409 930 princeps
430 888 488 919 est
508 881 656 919 Heius:
686 882 828 918 etenim
849 888 907 918 est
922 881 1067 930 primus
1084 882 1266 919 civitatis:
1294 894 1343 919 ne
1360 881 1468 926 sorte,

142 946 235 983 dum
268 947 430 995 publicis
463 946 654 984 mandatis
689 947 836 992 serviat,
868 947 915 984 de
945 946 1099 996 privatis
1127 946 1274 983 iniuriis
1303 947 1468 983 reticeat.

63 1019 121 1051 155
141 1011 254 1050 Haec
287 1023 407 1061 quum
440 1012 577 1050 scirem
612 1018 649 1049 et
678 1012 901 1061 cogitarem,
933 1011 1111 1049 commisi
1140 1018 1281 1057 tamen,
1311 1012 1469 1057 iudices,

141 1076 257 1114 Heio.
314 1077 483 1114 Produxi
517 1090 606 1114 eum
640 1077 763 1126 prima
791 1077 966 1114 actione:
1007 1089 1133 1126 neque
1163 1077 1202 1114 id
1231 1083 1360 1114 tamen
1390 1077 1468 1114 ullo

140 1141 309 1190 periculo
330 1141 415 1180 feci.
474 1141 580 1188 Quid
600 1143 703 1180 enim
724 1149 873 1191 poterat
894 1141 1019 1179 Heius
1046 1142 1293 1191 respondere,
1316 1142 1347 1179 si
1368 1149 1469 1179 esset

141 1209 351 1258 improbus,
373 1209 404 1246 si
431 1209 488 1246 sui
516 1208 733 1246 dissimilis?
790 1208 886 1246 Esse
914 1208 975 1245 illa
1001 1208 1110 1257 signa
1137 1207 1242 1245 domi
1264 1220 1366 1253 suae,
1387 1219 1469 1245 non

142 1285 227 1311 esse
247 1273 350 1323 apud
370 1273 557 1311 Verrem?
607 1272 685 1319 Qui
705 1279 856 1323 poterat
872 1273 1083 1322 quidquam
1105 1273 1294 1310 eiusmodi
1316 1274 1467 1311 dicere?

62 1340 122 1373 160
141 1338 195 1376 Ut
226 1338 347 1376 homo
381 1339 621 1387 turpissimus
656 1345 756 1376 esset
789 1338 1197 1387 impudentissimeque
1235 1338 1467 1383 mentiretur,

140 1403 216 1441 hoc
235 1403 400 1440 diceret:
429 1403 492 1441 illa
519 1415 559 1440 se
587 1403 765 1441 habuisse
792 1404 950 1450 venalia,
972 1416 1093 1453 eaque
1121 1416 1172 1449 se,
1201 1404 1333 1453 quanti
1359 1403 1467 1441 volu-

140 1469 220 1516 erit,
240 1469 470 1507 vendidisse.
529 1465 667 1506 Homo
695 1469 801 1506 domi
828 1481 919 1507 suae
945 1469 1218 1514 nobilissimus,
1240 1469 1305 1518 qui
1330 1480 1399 1506 vos
1420 1468 1468 1505 de

140 1534 325 1584 religione
360 1547 429 1572 sua
462 1547 508 1572 ac
543 1535 728 1583 dignitate
761 1546 848 1571 vere
883 1535 1101 1572 existimare
1139 1535 1307 1571 maxime
1344 1533 1468 1578 vellet,

142 1600 266 1650 primo
288 1600 382 1638 dixit
401 1612 442 1638 se
462 1600 578 1637 istum
593 1600 746 1649 publice
766 1599 932 1646 laudare,
954 1599 1059 1648 quod
1081 1600 1150 1637 sibi
1175 1600 1227 1636 ita
1242 1599 1469 1636 mandatum

64 1672 123 1713 165
143 1671 268 1702 esset:
297 1665 436 1702 deinde
456 1677 581 1714 neque
603 1677 643 1702 se
671 1664 733 1701 illa
758 1664 938 1702 habuisse
959 1665 1109 1702 venalia
1135 1676 1260 1713 neque
1280 1664 1354 1701 ulla
1374 1676 1469 1702 con-

144 1730 301 1776 ditione,
321 1730 364 1776 si,
385 1736 512 1767 utrum
536 1730 657 1775 vellet,
682 1729 821 1775 liceret,
844 1730 993 1767 adduci>
1008 1741 1196 1779 umquam
1222 1730 1408 1779 potuisse,
1428 1737 1470 1766 ut

143 1796 325 1834 venderet
344 1796 416 1843 illa,
432 1808 530 1847 quae
550 1797 590 1833 in
610 1796 776 1833 sacrario
792 1795 954 1833 fuissent
969 1808 991 1833 a
1011 1796 1221 1833 maioribus
1242 1796 1319 1833 suis
1339 1795 1470 1834 relicta

144 1867 182 1900 et
201 1861 349 1900 tradita.

202 1927 237 1965 8.
264 1926 412 1964 Verum
437 1927 534 1965 haec
560 1927 699 1975 emisse
724 1933 761 1964 te
790 1926 895 1964 dieis.
953 1925 1086 1972 Quid?
1116 1926 1179 1964 illa
1199 1925 1363 1964 Attalica
1388 1932 1469 1964 tota

66 2006 127 2039 170
147 1991 271 2030 Sicilia
291 1993 490 2030 nominata
509 1993 557 2030 ab
578 1992 715 2030 eodem
736 1991 840 2029 Heio
861 1991 1158 2041 peripetasmata
1183 2004 1309 2029 emere
1330 1991 1469 2029 oblitus

145 2059 215 2096 es?
271 2046 397 2095 Licuit
415 2057 554 2096 eodem
574 2057 706 2103 modo,
727 2063 769 2094 ut
789 2057 911 2105 signa.
968 2055 1074 2102 Quid
1100 2057 1203 2094 enim
1231 2063 1359 2095 actum
1386 2057 1468 2094 est?

144 2123 209 2161 An
228 2123 359 2160 litteris
379 2124 607 2172 pepercisti?
636 2123 784 2160 Verum
808 2122 1007 2159 hominem
1033 2129 1230 2159 amentem
1256 2122 1331 2159 hoc
1351 2121 1467 2171 fugit:

145 2188 273 2225 minus
294 2188 438 2226 clarum
463 2188 607 2237 putavit
630 2187 724 2234 fore,
746 2187 852 2237 quod
880 2187 926 2224 de
954 2187 1130 2232 armario,
1151 2199 1269 2237 quam
1289 2187 1395 2236 quod
1421 2187 1469 2224 de

145 2253 311 2291 sacrario
327 2258 428 2290 esset
443 2253 622 2291 ablatum.
669 2252 722 2290 At
738 2264 815 2302 quo
837 2252 958 2289 modo
973 2252 1150 2290 abstulit?
1199 2252 1292 2290 Non
1307 2264 1468 2301 possum

67 2333 126 2369 ¹75
147 2318 272 2356 dicere
287 2318 448 2368 planiuS‚
465 2330 581 2367 quam
601 2318 682 2368 ipse
704 2318 807 2368 apud
822 2329 890 2355 vos
907 2317 999 2354 dixit
1017 2316 1155 2356 Heius.
1204 2317 1336 2364 Quum
1351 2330 1467 2367 quae-

146 2384 295 2431 sissem,
315 2383 504 2434 numquid
529 2383 632 2421 aliud
658 2383 838 2424 debonis
859 2383 940 2420 eius
966 2384 1202 2433 pervenisset
1222 2383 1272 2421 ad
1292 2382 1466 2430 Verrem,

777 2461 796 2486 s
820 2462 838 2485 2
