1587 2533
543 122 701 151 GREEK
732 120 1020 150 ANECDOTES.
1395 125 1413 152 1
1424 125 1440 152 1

494 275 556 310 17.
600 269 762 319 Ij'ranls
790 270 862 306 live
891 269 930 306 in
958 268 1071 306 Feczr.

174 375 254 424 Qui
280 389 320 414 se
343 376 462 414 metui
481 375 619 421 volent,
640 387 663 412 a
682 375 820 424 quibus
841 380 1070 421 metuentur,
1092 374 1254 411 eosdem
1274 379 1446 411 metuant

119 443 193 493 ipsi
226 454 385 480 necesse
418 448 484 479 est.
542 440 647 487 Quid
685 440 787 478 enim
827 451 1029 477 censemus
1068 440 1304 489 superiorem
1341 439 1446 476 illum

120 508 362 558 Dionysium,
387 518 465 557 quo
494 506 663 544 cruciatu
691 506 837 542 timoris
867 506 957 554 angi
986 505 1167 543 solitum?
1207 505 1283 554 qui,
1305 505 1446 542 cultros

121 580 296 611 metuens
319 573 524 618 tonsorios,
547 571 735 609 candente
754 572 922 608 carbone
943 571 1013 608 sibi
1035 571 1220 608 adurebat
1240 570 1445 620 capillum?

84 657 99 687 ς,
121 638 254 685 Quid?
309 638 573 676 Alexandrum
608 637 820 680 Pheraeum
850 648 927 686 quo
959 637 1090 673 animo
1119 636 1258 673 vixisse
1290 637 1446 673 arbitra-

121 705 235 742 mur?
292 704 368 754 qui,
406 710 447 740 ut
486 703 669 752 scriptum
706 702 878 751 legimus,
919 714 1039 751 quum
1079 713 1243 739 uxorem
1281 702 1445 739 Theben

122 770 333 808 admodum
362 769 544 819 diligeret,
570 774 700 806 tamen
729 768 778 805 ad
808 780 895 805 eam
927 780 974 805 ex
1004 767 1128 816 epulis
1158 768 1197 804 in
1228 767 1446 805 cubiculum

121 837 289 882 veniens,
321 836 535 881 barbarum,
568 841 605 871 et
635 846 722 872 eum
751 833 918 883 quidem,
949 839 991 870 ut
1025 833 1209 882 scriptum
1239 838 1306 879 est,
1339 845 1446 870 com-

121 907 309 952 punctum
343 901 445 938 notis
479 900 680 945 Threiciis,
711 898 891 936 destricto
925 898 1053 948 gladio
1088 898 1245 936 iubebat
1279 898 1444 945 anteire;

66 983 104 1005 10
122 967 462 1017 praemittebatque
483 965 531 1003 de
552 965 795 1015 stipatoribus
817 965 905 1009 suis,
927 965 992 1014 qui
1013 970 1273 1001 scrutarentur
1298 964 1447 1002 arculas

122 1033 325 1070 muliebres
355 1038 391 1070 et
419 1044 469 1069 ne
495 1031 601 1081 quod
627 1031 666 1068 in
690 1030 922 1068 vestimentis
952 1030 1207 1068 occultaretur
1234 1029 1352 1067 telum
1381 1042 1446 1067 ex-

121 1099 324 1148 quirerent.
382 1097 418 1135 O
439 1097 634 1143 miserum,
655 1097 721 1146 qui
748 1096 960 1134 fideliorem
989 1102 1026 1133 et
1055 1096 1260 1133 barbarum
1289 1102 1326 1133 et
1355 1097 1446 1145 stig-

121 1165 278 1202 matiam
307 1169 456 1214 putaret
484 1175 602 1213 quam
631 1163 858 1211 coniugem!
898 1161 984 1199 Nec
1008 1174 1098 1199 eum
1118 1161 1258 1199 fefellit.
1317 1162 1380 1199 Ab
1401 1174 1447 1200 ea

121 1237 180 1269 est
216 1231 320 1268 enim
357 1229 441 1279 ipsa
477 1234 635 1279 propter
671 1228 868 1277 pellicatus
907 1223 1170 1276 suspicionem
1213 1227 1445 1266 interfectus.

66 1309 101 1340 15
122 1297 207 1335 Nec
239 1308 330 1334 vero
362 1295 439 1333 ulla
468 1295 524 1333 vis
555 1294 705 1344 imperii
731 1299 836 1332 tanta
875 1300 940 1340 est,
977 1305 1075 1342 quae
1114 1299 1313 1342 premente
1342 1300 1446 1332 metu

121 1363 243 1413 possit
266 1374 350 1400 esse
377 1361 565 1399 diuturna.
624 1360 753 1397 Testis
781 1365 838 1396 est
867 1358 1048 1405 Phalaris,
1074 1359 1181 1396 cuius
1209 1365 1267 1396 est
1295 1366 1446 1409 praeter

123 1435 272 1466 ceteros
295 1427 494 1465 nobilitata
517 1425 741 1471 crudelitas;
780 1424 844 1473 qui
873 1436 953 1461 non
982 1436 1030 1461 ex
1058 1424 1206 1462 insidiis
1235 1425 1383 1470 interiit,
1404 1432 1446 1463 ut

121 1494 153 1532 is
177 1505 294 1543 quem
316 1492 437 1530 modo
463 1492 551 1537 dixi,
571 1490 810 1537 Alexander3
841 1502 921 1527 non
942 1502 964 1527 a
983 1490 1127 1538 paucis,
1148 1496 1190 1527 ut
1209 1490 1270 1528 hic
1290 1497 1444 1528 noster:

122 1559 191 1597 sed
224 1559 263 1596 in
298 1570 414 1608 quem
443 1558 620 1595 universa
648 1556 987 1606 Agrigentinorum
1021 1555 1223 1593 multitudo
1256 1556 1445 1607 impeturn

66 1644 106 1666 20
122 1625 219 1663 fecit.
281 1624 412 1671 Quid?
478 1623 717 1661 Macedones
753 1633 884 1659 nonne
922 1620 1162 1658 Demetrium
1200 1621 1444 1671 reliquerunt,

122 1691 363 1740 universique
390 1702 430 1728 se
455 1689 505 1727 ad
530 1689 718 1739 Pyrrhum
737 1687 1005 1726 contulerunt?
1063 1685 1195 1733 Quid?
1252 1687 1445 1726 Lacedae-

122 1757 276 1794 monios
304 1757 440 1794 iniuste
469 1755 703 1804 imperantes
730 1765 863 1791 nonne
891 1759 1049 1803 repente
1078 1764 1216 1790 omnes
1245 1752 1322 1790 fere
1353 1753 1445 1790 socii

123 1821 381 1865 deseruerunt,
399 1825 712 1869 spectatoresque
724 1829 766 1856 se
782 1818 930 1855 otiosos
946 1817 1203 1867 praebuerunt
1222 1816 1446 1855 Leuctricae

121 1887 344 1924 calamitatis
357 1887 371 1923 ?

444 2027 511 2061 18.
554 2021 595 2059 T
588 2035 653 2060 rue
682 2022 906 2059 Palrz'olz'sm
935 2019 1120 2070 unsefflsh.

175 2127 324 2166 Inventi
358 2135 487 2166 autem
520 2127 628 2164 multi
662 2133 750 2165 sunt
784 2127 848 2175 qui
882 2138 962 2163 non
994 2124 1113 2163 modo
1145 2125 1350 2176 pecuniam
1379 2125 1447 2164 sed

119 2194 236 2231 vitam
282 2193 395 2231 etiam
442 2193 675 2243 profundere
720 2205 791 2243 pro
836 2192 957 2241 patria
994 2192 1116 2241 parati
1153 2198 1293 2238 essent,
1331 2192 1446 2230 iidem

120 2260 263 2309 gloriae
302 2260 486 2297 iacturam
524 2272 573 2297 ne
613 2260 814 2296 minimam
853 2258 1008 2307 quidem
1049 2258 1174 2296 facere
1211 2258 1359 2304 vellent,
1398 2271 1447 2295 ne

119 2325 315 2374 republica
348 2325 504 2374 quidem
539 2325 782 2375 postulante:
832 2332 872 2361 ut
910 2324 1183 2370 Callicratidas,
1223 2324 1288 2372 qui
1327 2314 1445 2373 quiim

83 2402 99 2432 5
120 2389 515 2428 Lacedaemoniorum
551 2391 628 2428 dux
662 2390 795 2427 fuisset
829 2389 1164 2438 Peloponnesiaco
1201 2388 1314 2433 bello,
1348 2389 1444 2425 mul-
