1587 2533
127 112 171 143 11.
197 121 248 144 10.
365 103 540 144 ROME'S
570 113 693 144 RULE
726 112 783 143 OF
811 112 906 143 HER
938 113 1219 144 PROVINCES.
1362 114 1442 159 257

68 216 110 248 50
125 211 356 263 hydriasque
384 213 561 262 grandes,
584 213 694 250 simili
723 212 762 249 in
791 225 932 262 genere
953 219 1066 262 atque
1097 212 1233 250 eadem
1254 218 1332 250 arte
1360 225 1445 261 per-

125 275 254 322 fectas,
276 277 378 315 idem
408 278 468 314 ille
498 277 539 314 P.
562 277 703 326 Scipio,
725 277 779 313 vir
808 278 989 314 omnibus
1019 278 1133 315 rebus
1162 277 1445 326 praecellentis-

125 341 254 387 simus,
275 348 457 391 posuerat
485 349 521 379 et
550 354 662 380 suurn
688 354 834 379 nomen
862 343 1117 392 inscripserat.
1176 342 1281 388 Quid
1300 343 1377 379 iam
1398 342 1446 379 de

125 407 198 444 isto
228 407 337 456 plura
356 407 482 444 dicam
511 413 575 444 aut
604 408 765 456 querar?
823 406 967 445 Omnia
995 408 1067 453 illa,
1088 408 1245 453 iudices,
1266 408 1443 445 abstulit:

124 472 218 509 nihil
243 473 281 509 in
302 472 587 521 religiosissimo
609 471 702 509 fano
722 479 872 521 praeter
891 473 1051 521 vestigia
1071 474 1232 510 violatae
1252 473 1447 523 religionis

65 542 106 575 55
126 549 347 588 nomenque
367 537 408 575 P.
432 537 622 587 Scipionis
642 537 790 586 reliquit
809 551 816 574 ε
846 537 1015 575 hostium
1037 539 1171 588 spolia,
1193 545 1446 576 monumenta

123 602 408 652 imperatorum,
430 603 569 641 decora
598 609 711 652 atque
732 609 960 641 ornamenta
989 603 1166 641 fanorum
1195 604 1358 653 posthac
1386 604 1445 641 his

123 665 324 714 praeclaris
353 666 574 703 nominibus
603 666 752 703 amissis
772 666 811 703 in
840 666 1095 704 instrumento
1115 673 1231 716 atque
1260 667 1299 704 in
1319 666 1445 716 supel-

122 726 245 765 lectile
266 727 310 765 C.
330 728 460 766 Verris
486 729 799 766 numerabuntur.

178 805 213 839 4.
241 792 381 831 Audite
399 794 512 831 etiarn
529 794 760 842 singularem
777 794 869 841 eius,
882 794 1039 840 iudices,
1054 794 1312 843 cupiditatem,
1329 794 1444 832 auda-

63 857 105 889 60
124 858 233 904 ciam,
263 859 480 905 amentiam,
510 859 549 896 in
578 859 635 896 his
674 860 897 908 praesertim
936 859 1051 897 sacris
1086 859 1314 908 polluendis,
1346 872 1444 909 quae

123 936 204 961 non
223 924 342 961 modo
362 925 540 962 manibus
561 925 705 974 attingi,
724 925 791 962 sed
811 937 859 962 ne
881 924 1115 973 cogitatione
1136 925 1292 974 quidem
1313 925 1444 962 violari

122 989 178 1027 fas
198 989 278 1027 fuit.
337 990 551 1027 Sacrarium
572 989 722 1028 Cereris
749 996 805 1027 est
832 990 935 1039 apud
956 989 1184 1027 Catinenses
1205 989 1341 1027 eadem
1361 990 1444 1027 reli-

121 1055 249 1104 gione,
278 1067 354 1104 qua
383 1055 544 1101 Romae,
575 1067 651 1105 qua
671 1055 710 1092 in
739 1055 873 1093 ceteris
901 1055 1007 1100 locis,
1038 1067 1115 1104 qua
1143 1067 1265 1105 prope
1294 1055 1333 1092 in
1362 1061 1444 1093 toto

122 1121 216 1158 orbe
245 1127 439 1158 terrarum.
497 1121 543 1157 In
573 1133 620 1158 eo
650 1121 816 1158 sacrario
846 1121 981 1158 intimo
1012 1120 1080 1157 fuit
1110 1121 1263 1169 signum
1293 1119 1444 1158 Cereris

63 1189 103 1230 65
123 1186 402 1235 perantiquum,
433 1186 539 1236 quod
567 1187 643 1233 viri,
664 1199 743 1224 non
772 1186 892 1224 modo
922 1186 1136 1224 cuiusmodi
1164 1192 1276 1231 esset,
1298 1186 1366 1223 sed
1395 1199 1444 1224 ne

123 1263 207 1289 esse
227 1252 381 1302 quidem
404 1253 585 1289 sciebant.
642 1252 779 1289 Aditus
799 1251 902 1288 enim
930 1251 967 1288 in
994 1251 1032 1288 id
1053 1251 1258 1288 sacrarium
1286 1263 1365 1289 non
1386 1258 1444 1288 est

121 1317 207 1355 viris
222 1331 233 1365 ;
282 1330 389 1355 sacra
417 1330 486 1366 per
514 1317 691 1354 mulieres
721 1329 765 1354 ac
795 1316 960 1365 virgines
990 1316 1128 1354 confici
1159 1316 1292 1353 solent.
1350 1315 1443 1354 Hoc

122 1382 276 1432 signum
304 1389 422 1420 noctu
453 1383 550 1420 clam
579 1383 686 1420 istius
716 1382 812 1419 servi
842 1395 888 1419 ex
918 1382 980 1419 illo
1010 1382 1298 1430 religiosissimo
1328 1388 1442 1432 atque
1493 1372 1497 1376 ⁴

121 1448 386 1498 antiquissimo
415 1448 504 1485 fano
535 1448 784 1485 sustulerunt:
828 1447 1011 1497 postridie
1041 1447 1259 1485 sacerdotes
1293 1446 1441 1486 Cereris

65 1521 106 1557 70
122 1521 234 1565 atque
261 1514 358 1552 illius
386 1513 464 1551 fani
484 1515 672 1551 antistitae
701 1514 866 1551 maiores
885 1519 988 1559 natu,
1009 1514 1193 1562 probatae
1221 1525 1265 1550 ac
1292 1514 1441 1551 nobiles

121 1580 307 1626 mulieres,
328 1593 408 1618 rem
429 1580 478 1618 ad
504 1580 747 1629 magistratus
769 1590 858 1616 suos
880 1578 1066 1616 deferunt.
1124 1577 1316 1616 Omnibus
1337 1591 1440 1617 acer-

121 1647 224 1691 bum,
254 1646 467 1695 indignum,
498 1645 716 1683 luctuosum
756 1644 920 1694 denique
958 1644 1167 1681 videbatur.
1226 1644 1332 1681 Tum
1370 1645 1440 1683 iste

121 1717 318 1761 permotus
339 1711 400 1748 illa
428 1711 625 1748 atrocitate
651 1710 808 1759 negotii,
829 1716 870 1747 ut
889 1711 938 1747 ab
959 1722 999 1755 se
1020 1709 1170 1747 sceleris
1191 1709 1297 1748 istius
1318 1711 1440 1760 suspi-

122 1778 182 1815 cio
213 1777 488 1824 demoveretur,
519 1776 582 1814 dat
610 1776 751 1825 hospiti
781 1787 852 1812 suo
883 1775 1033 1813 cuidam
1064 1775 1274 1824 negotium,
1303 1783 1344 1814 ut
1373 1777 1439 1814 ali-

63 1853 102 1889 75
122 1855 237 1892 quem
270 1842 460 1891 reperiret,
493 1854 608 1891 quem
646 1841 737 1878 illud
775 1840 911 1878 fecisse
949 1840 1208 1888 insimularet;
1257 1841 1439 1892 daretque

120 1920 290 1958 operam,
310 1914 352 1945 ut
380 1908 411 1945 is
441 1919 488 1946 eo
517 1907 675 1945 crimine
706 1907 961 1951 damnaretur,
983 1918 1032 1943 ne
1062 1906 1144 1956 ipse
1173 1913 1273 1944 esset
1301 1907 1341 1944 in
1370 1908 1439 1945 cri-

120 1974 235 2011 mine.
293 1972 373 2010 Res
401 1985 482 2010 non
501 1973 821 2022 procrastinatur;
852 1983 941 2007 nam
963 1984 1082 2020 quum
1103 1972 1171 2009 iste
1193 1971 1331 2010 Catina
1350 1985 1438 2023 pro-

120 2039 241 2076 fectus
262 2044 370 2083 esset,
399 2038 494 2074 servi
523 2037 720 2075 cuiusdam
747 2049 889 2075 nomen
920 2036 1095 2074 defertur.
1154 2037 1193 2074 Is
1214 2045 1438 2077 accusatur:

120 2105 195 2141 ficti
215 2110 331 2141 testes
350 2103 390 2140 in
410 2115 498 2140 eum
519 2104 676 2141 dantur:
706 2115 786 2140 rem
808 2109 967 2140 cunctus
995 2109 1148 2140 senatus
1173 2102 1439 2141 Catinensium

61 2170 103 2202 80
120 2170 266 2219 legibus
296 2169 448 2207 iudicat.
507 2168 732 2206 Sacerdotes
761 2174 968 2206 vocantur:
999 2180 1045 2205 ex
1074 2168 1132 2206 his
1163 2169 1354 2218 quaeritur
1384 2182 1438 2208 se-

120 2241 224 2274 creto
259 2235 296 2271 in
331 2234 445 2279 curia,
476 2235 568 2284 quid
596 2240 697 2272 esset
736 2233 888 2275 factum,
919 2234 1249 2283 quemadmodum
1283 2235 1438 2272 arbitra·

118 2308 247 2338 rentur
285 2300 437 2349 signum
477 2312 560 2337 esse
591 2300 769 2337 ablatum.
828 2298 1082 2349 Respondent
1119 2300 1215 2346 illae,
1254 2301 1438 2350 praetoris

118 2367 156 2404 in
186 2378 233 2404 eo
262 2366 350 2404 loco
380 2377 509 2403 servos
539 2377 623 2403 esse
652 2366 765 2403 visos.
824 2364 915 2412 Res,
946 2377 1045 2415 quae
1075 2372 1175 2404 esset
1213 2367 1288 2404 iam
1327 2372 1438 2405 antea
