1587 2533
112 89 159 127 14
455 86 699 117 EXTRACTS
728 87 863 116 FROM
893 87 1071 117 CICERO.

107 180 217 216 multi
262 179 343 216 dies
381 180 534 228 reperiri
572 187 745 228 possunt,
784 180 848 228 qui
885 179 949 216 tali
982 179 1086 216 nocti
1115 178 1420 227 anteponantur?
1440 185 1475 216 25

106 245 165 281 cui
205 245 234 281 si
276 245 406 282 similis
445 245 568 282 futura
606 251 662 282 est
698 245 928 293 perpetuitas
975 244 1101 281 omnis
1148 244 1420 292 consequentis

105 310 297 357 temporis,
330 309 414 357 quis
443 321 505 346 me
534 309 705 346 beatior?
763 308 830 345 Sin
860 320 947 345 vera
981 314 1068 345 sunt
1101 320 1198 356 quae
1233 309 1418 354 dicuntur,

105 374 373 421 migrationem
411 386 494 410 esse
532 380 697 410 mortem
734 373 774 410 in
812 384 876 410 eas
914 385 1012 418 oraS,
1052 385 1147 421 quas
1186 374 1249 422 qui
1287 386 1308 410 e
1345 374 1420 410 vita

106 445 348 475 excesserunt
382 439 562 482 incolunt,
595 438 634 475 id
667 438 786 474 multo
819 438 895 474 iam
933 439 1078 475 beatius
1117 444 1183 483 est,
1218 445 1264 483 te,
1300 451 1419 488 quum

106 504 154 540 ab
187 504 231 540 iis
265 504 328 552 qui
362 516 402 541 se
439 503 605 540 iudicum
639 515 798 540 numero
832 502 962 540 haberi
996 503 1126 540 volunt
1164 503 1336 548 evaseris,
1371 503 1420 540 ad
1440 510 1479 540 30

106 580 173 605 eos
207 569 332 605 venire
367 569 430 616 qui
465 581 549 605 vere
584 568 727 605 iudices
761 568 1009 617 appellentur,
1044 567 1230 613 Minoem,
1264 567 1418 604 Rhada-

106 633 316 677 manthum,
355 633 538 678 Aeacum,
577 632 881 682 Triptolemum:
930 633 1210 682 convenireque
1250 644 1316 670 eos
1355 633 1420 681 qui

106 700 202 736 iuste
240 706 276 735 et
314 711 401 735 curn
440 698 513 734 fide
546 699 714 734 vixerint.
773 697 883 734 Haec
921 698 1177 746 peregrinatio
1217 698 1420 735 mediocris

107 764 214 801 vobis
234 763 350 800 videri
371 764 522 811 potest?
571 762 623 799 Ut
643 775 732 800 vero
756 763 921 811 colloqui
943 775 1030 800 cum
1051 762 1221 812 Orpheo,
1246 762 1420 809 Musaeo,

108 829 294 873 Homero,
316 828 491 865 Hesiodo
521 828 640 872 liceat,
670 828 799 876 quanti
829 828 983 864 tandem
1013 829 1245 865 aestimatis?
1301 828 1418 876 Equi·
1439 837 1477 867 35

107 894 194 932 dem
229 906 342 942 saepe
377 894 507 937 emori,
543 893 573 929 si
607 893 684 930 fieri
717 900 859 942 posset,
890 893 1035 938 vellem,
1065 900 1106 929 ut
1135 905 1180 930 ea
1208 905 1305 942 quae
1335 894 1420 930 dico

108 958 199 995 mihi
227 959 353 995 liceret
382 958 560 995 invenire.
618 957 773 1003 Quanta
806 957 1056 995 delectatione
1088 964 1214 995 autem
1244 959 1420 1003 afficerer,

109 1036 226 1074 quum
260 1023 516 1068 Palamedem,
548 1035 668 1072 quum
698 1023 870 1068 Aiacem,
905 1035 1023 1071 quum
1057 1023 1151 1060 alios
1185 1023 1323 1061 iudicio
1355 1024 1422 1060 ini-

108 1101 186 1138 quo
224 1089 504 1125 circumventos
542 1088 816 1125 convenirem?
885 1087 1094 1124 Tentarem
1132 1088 1245 1125 etiam
1284 1090 1422 1126 summi

109 1155 219 1202 regis,
254 1154 317 1202 qui
351 1154 537 1190 maximas
571 1153 703 1202 copias
738 1153 844 1189 duxit
877 1152 925 1189 ad
958 1153 1128 1199 Troiam,
1161 1160 1197 1190 et
1230 1153 1332 1190 Ulixi
1367 1155 1423 1191 Si·
1442 1165 1483 1195 40

110 1218 295 1267 syphique
333 1218 594 1267 prudentiam:
644 1230 715 1255 nec
749 1218 800 1255 ob
833 1230 918 1255 eam
951 1230 1043 1264 rem,
1078 1230 1196 1267 quum
1229 1218 1323 1256 haec
1358 1231 1422 1256 ex-

109 1284 308 1332 quirerem,
349 1284 445 1320 sicut
481 1283 542 1320 hic
580 1283 778 1327 faciebam,
819 1284 941 1332 capite
981 1283 1191 1321 damnarer.
1256 1283 1317 1320 Ne
1355 1296 1423 1321 vos

110 1350 265 1399 quidem
303 1349 458 1394 iudices,
493 1349 517 1385 ii
555 1349 619 1397 qui
658 1361 720 1385 me
758 1349 982 1395 absolvistis,
1016 1355 1179 1386 mortem
1217 1349 1422 1387 timueritis.

111 1415 194 1452 Nec
238 1414 341 1452 enim
380 1415 558 1463 cuiquam
596 1414 701 1451 bono
739 1414 828 1450 mali
866 1414 1074 1464 quidquam
1113 1415 1260 1451 evenire
1298 1422 1424 1464 potest

110 1493 182 1518 nec
202 1480 286 1517 vivo
313 1491 385 1516 nec
408 1487 572 1524 mortuo,
599 1491 671 1516 nec
701 1491 885 1527 umquam
913 1480 993 1516 eius
1023 1492 1083 1517 res
1114 1492 1136 1517 a
1166 1480 1236 1517 diis
1267 1480 1422 1516 immor·
1441 1494 1479 1525 45

111 1546 247 1582 talibus
293 1544 542 1593 negligentur.
614 1543 696 1581 Nec
734 1543 826 1580 mihi
864 1545 935 1594 ipsi
972 1544 1046 1582 hoc
1084 1545 1220 1582 accidit
1257 1544 1422 1583 fortuito.

111 1611 195 1648 Nec
228 1622 317 1647 vero
352 1622 426 1658 ego
460 1610 515 1654 iis,
551 1622 573 1646 a
606 1610 744 1657 quibus
778 1616 977 1647 accusatus
1016 1622 1102 1647 sum
1135 1616 1198 1647 aut
1231 1622 1253 1646 a
1285 1610 1422 1659 quibus

112 1676 402 1720 condemnatus,
441 1675 565 1712 habeo
614 1675 719 1724 quod
767 1687 1024 1721 succenseam,
1063 1675 1134 1712 nisi
1181 1675 1285 1723 quod
1331 1674 1423 1711 mihi

112 1754 250 1779 nocere
285 1753 325 1778 se
359 1740 622 1777 crediderunt.⁷
679 1739 730 1777 Et
759 1740 854 1777 haec
884 1741 1038 1789 quidem
1066 1740 1139 1777 hoc
1168 1740 1299 1777 modo.
1355 1740 1422 1777 Ni-

111 1807 161 1844 hil
196 1813 323 1844 autem
356 1806 491 1843 melius
525 1812 718 1843 extremo:
753 1805 853 1843 ‘Sed
886 1812 1036 1855 tempus
1065 1805 1143 1851 est‚’
1171 1806 1303 1855 inquit,
1325 1806 1421 1842 ‘iam
1441 1821 1482 1853 50

110 1872 198 1909 hinc
236 1871 338 1908 abire
376 1883 438 1907 me
476 1878 516 1908 ut
552 1871 703 1917 moriar,
742 1883 810 1908 vos
847 1877 888 1908 ut
925 1871 1039 1909 vitam
1081 1864 1210 1921 agatis.
1284 1871 1422 1909 Utrum

110 1944 237 1974 autem
266 1936 311 1974 sit
338 1935 484 1981 melius,
514 1936 565 1973 dii
593 1936 827 1973 immortales
856 1937 1001 1974 sciunt:
1040 1929 1425 1986 hominemffTui‘de'm'

110 2001 205 2040 scire
235 2001 393 2038 arbitror
421 2001 637 2038 neminem.'
694 2000 779 2038 Nae
808 2014 882 2050 ego
915 2001 1019 2039 haud
1051 2002 1178 2051 paullo
1207 2002 1310 2039 hunc
1340 2002 1422 2038 ani-

109 2079 217 2104 mum
254 2065 395 2111 malim,
431 2077 545 2114 quam
580 2078 711 2103 eorum
745 2067 917 2104 omnium
951 2066 1134 2113 fortunas,
1169 2068 1233 2117 qui
1267 2068 1314 2105 de
1347 2067 1421 2105 hoc

108 2133 377 2170 iudicaverunt.
446 2130 539 2175 Etsi,
571 2132 675 2180 quod
709 2138 856 2180 praeter
890 2132 983 2169 deos
1017 2139 1132 2182 negat
1164 2134 1258 2170 scire
1291 2145 1421 2183 quem-
1441 2148 1479 2180 55

109 2210 235 2247 quam,
275 2197 313 2234 id
354 2196 422 2234 scit
460 2196 553 2245 ipse,
590 2203 716 2233 utrum
754 2197 889 2234 melius
932 2198 1001 2234 sit:
1058 2210 1148 2234 nam
1191 2198 1284 2235 dixit
1324 2204 1422 2234 ante.

111 2262 187 2300 Sed
214 2274 325 2300 suum
352 2261 453 2307 illud,
474 2261 565 2298 nihil
593 2267 634 2298 ut
664 2261 833 2308 affirmet,
854 2267 957 2300 tenet
985 2263 1034 2300 ad
1061 2269 1282 2300 extremum.
1339 2262 1425 2300 Nos

113 2335 238 2365 autem
269 2333 477 2372 teneamus,
508 2333 548 2363 ut
576 2326 666 2363 nihil
698 2339 922 2365 censeamus
952 2339 1035 2365 esse
1062 2327 1216 2373 malum,
1245 2328 1349 2377 quod
1378 2328 1426 2366 sit
