1587 2533
131 106 173 138 11.
198 113 249 144 13.
362 83 536 138 ROME'S
563 107 689 137 RULE
720 107 778 138 OF
806 107 902 138 HER
932 107 1214 139 PROVINCES.
1365 100 1447 153 269

129 204 298 243 iucunda.
324 211 424 252 sunt,
444 218 544 255 quae
572 205 687 243 nobis
715 205 810 244 levia
838 206 1023 252 videntur,
1044 205 1230 243 haberent
1258 205 1353 244 haec
1379 207 1452 243 ob-

49 280 109 312 245
128 270 357 308 lectamenta
376 277 414 308 et
440 271 574 308 solatia
594 270 790 308 servitutis.
849 272 955 319 Quid
981 271 1213 309 arbitramini
1234 271 1448 320 Rheginos,

129 336 195 385 qui
213 335 290 373 iam
310 336 411 374 cives
431 335 601 373 Romani
622 343 721 381 sunt,
743 349 889 375 merere
909 337 1014 380 velle,
1030 343 1071 373 ut
1091 338 1139 374 ab
1160 337 1214 374 eis
1234 348 1450 374 marmorea

126 400 262 439 Venus
291 401 354 439 illa
382 401 600 440 auferatur?
629 402 721 451 quid
742 402 985 448 Tarentinos,
1002 409 1044 439 ut
1063 401 1261 451 Europam
1281 402 1320 438 in
1340 408 1448 439 tauro

127 467 327 504 sedentem
365 467 566 504 amittant?
612 474 654 504 ut
693 466 882 516 Satyrum,
912 468 977 516 qui
1015 468 1119 516 apud
1157 467 1242 505 illos
1279 467 1319 504 in
1353 467 1449 505 aede

127 531 270 570 Vestae
295 521 383 569 est?
411 539 454 570 ut
482 532 635 570 cetera?
665 532 757 581 quid
783 532 1055 581 Thespienses,
1076 540 1117 570 ut
1143 532 1344 581 Cupidinis
1372 533 1448 582 sig-

47 614 109 645 250
126 610 231 643 num,
252 603 409 647 propter
432 598 538 647 quod
566 610 686 635 unum
710 598 882 635 visuntur
908 598 1130 648 Thespiae?
1161 599 1254 649 quid
1274 599 1447 644 Cnidios,

125 670 168 700 ut
204 663 399 701 Venerem
438 665 723 701 marmoream?
762 665 866 713 quid,
904 672 946 702 ut
984 665 1138 714 pictam,
1178 664 1316 702 Coos?
1354 665 1449 714 quid

125 728 329 779 Ephesios,
351 736 392 767 ut
411 729 702 768 Alexandrum?
741 731 834 779 quid
863 730 1086 780 Cyzicenos,
1115 737 1157 768 ut
1185 731 1346 768 Aiacem
1384 739 1449 769 aut

126 795 332 833 Medeam?
362 796 455 844 quid
484 795 671 841 Rhodios,
693 802 734 833 ut
763 795 959 845 Ialysum?
990 796 1083 845 quid
1110 796 1378 843 Athenienses,
1406 803 1448 834 ut

125 873 173 898 ex
210 872 402 898 marmore
439 860 636 906 Iacchum,
665 867 731 898 aut
768 860 946 898 Paralum
984 862 1141 911 pictum,
1173 868 1238 898 aut
1277 874 1324 899 ex
1359 874 1447 899 aere

43 935 104 966 255
124 925 299 975 Myronis
326 926 531 963 buculam?
578 925 763 975 Longum
791 933 847 964 est
876 933 914 964 et
942 938 1023 964 non
1051 926 1311 964 necessarium
1340 939 1446 964 com-

121 1003 349 1037 memorare,
377 1003 477 1040 quae
515 991 619 1040 apud
648 1003 825 1041 quosque
852 992 1012 1029 visenda
1050 998 1138 1029 sunt
1175 997 1257 1029 tota
1284 992 1381 1029 Asia
1409 999 1446 1030 et

122 1055 306 1094 Graecia:
334 1068 467 1093 verum
495 1056 587 1094 illud
617 1064 684 1102 est,
715 1058 968 1106 quamobrem
1002 1057 1096 1094 haec
1127 1069 1444 1103 commemorem,

121 1121 227 1172 quod
255 1122 470 1159 existimare
499 1134 568 1160 vos
605 1122 681 1160 hoc
709 1123 810 1168 volo,
839 1123 978 1159 mirum
1017 1122 1227 1171 quemdam
1265 1122 1440 1160 dolorem

120 1188 293 1237 accipere
314 1199 393 1233 eos,
413 1200 461 1225 ex
481 1200 646 1237 quorum
665 1188 823 1225 urbibus
843 1188 938 1226 haec
958 1187 1187 1225 auferantur.

41 1256 102 1289 260
180 1265 240 1291 10.
269 1253 409 1303 Atque,
438 1260 481 1291 ut
518 1261 666 1291 ceteros
704 1253 934 1298 omittamus,
974 1253 1021 1291 de
1060 1254 1153 1303 ipsis
1194 1252 1444 1302 Syracusanis

120 1319 370 1367 cognoscite:
399 1319 448 1356 ad
477 1331 576 1368 quos
603 1331 677 1368 ego
705 1331 825 1367 quum
853 1319 1057 1366 venissem,
1078 1320 1132 1357 sic
1162 1321 1287 1370 primo
1314 1320 1442 1357 existi-

118 1384 286 1429 mabam,
319 1389 361 1420 ut
399 1383 550 1421 Romae
588 1396 636 1421 ex
674 1384 780 1421 istius
809 1384 941 1421 amicis
979 1397 1217 1434 acceperam,
1252 1385 1443 1423 civitatem

120 1449 401 1499 Syracusanam
430 1456 587 1499 propter
616 1449 785 1487 Heraclii
814 1450 1062 1488 hereditatem
1091 1463 1173 1488 non
1202 1452 1329 1488 minus
1358 1463 1442 1489 esse

118 1514 179 1552 isti
208 1515 383 1561 amicam,
405 1527 523 1564 quam
552 1515 825 1553 Mamertinam
854 1523 1008 1565 propter
1038 1517 1268 1566 praedarum
1297 1528 1342 1554 ac
1366 1516 1442 1553 fur·

39 1583 99 1624 265
118 1586 245 1617 torum
277 1581 453 1618 omnium
482 1581 716 1619 societatem.
773 1581 909 1632 Itaque
950 1581 1146 1631 Syracusis
1180 1594 1269 1619 cum
1299 1581 1441 1619 civibus

119 1645 308 1684 Romanis
336 1658 464 1684 eram:
493 1658 628 1684 eorum
656 1647 804 1685 tabulas
833 1648 1092 1697 exquirebam,
1113 1648 1267 1684 iniurias
1294 1659 1441 1698 cogno-

119 1712 300 1749 scebam:
347 1724 372 1750 a
416 1711 667 1762 Syracusanis
714 1725 872 1762 prorsus
917 1713 1010 1763 nihil
1056 1712 1265 1750 adiumenti
1311 1725 1439 1763 neque

117 1777 268 1826 publice
297 1789 422 1827 neque
450 1778 625 1827 privatim
654 1779 946 1827 exspectabam:
977 1789 1103 1827 neque
1132 1784 1212 1815 erat
1240 1778 1280 1815 in
1308 1778 1439 1815 animo

116 1842 322 1891 postulare.
378 1841 511 1888 Quum
539 1842 634 1882 haec
663 1855 830 1893 agerem,
851 1850 1007 1892 repente
1037 1844 1086 1881 ad
1112 1855 1175 1880 me
1194 1844 1296 1881 venit
1315 1836 1439 1880 Hera-

37 1922 99 1954 270
117 1908 211 1946 clius
237 1908 280 1953 is,
302 1908 366 1958 qui
395 1914 476 1945 tum
501 1909 766 1958 magistratum
798 1908 995 1958 Syracusis
1021 1908 1196 1953 habebat,
1217 1908 1336 1946 homo
1366 1920 1439 1945 no-

115 1973 212 2016 bilis,
228 1973 293 2022 qui
314 1973 495 2011 sacerdos
515 1973 618 2012 Iovis
637 1973 780 2020 fuisset,
803 1974 868 2023 qui
893 1974 1021 2011 honos
1051 1974 1154 2023 apud
1175 1973 1438 2023 Syracusanos

115 2044 174 2076 est
192 2038 473 2088 amplissimus:
493 2039 570 2087 agit
588 2051 754 2085 mecum,
776 2045 814 2076 et
833 2051 921 2076 cum
942 2039 1054 2076 fratre
1074 2050 1176 2085 meo,
1196 2045 1248 2084 ut,
1271 2039 1301 2076 si
1322 2040 1436 2077 nobis

114 2103 314 2149 videretur,
344 2103 535 2141 adiremus
571 2104 622 2142 ad
659 2116 794 2142 eorum
823 2111 1024 2142 senatum:
1053 2103 1272 2153 frequentes
1293 2115 1377 2141 esse
1397 2104 1438 2141 in

114 2169 237 2207 curia:
264 2181 306 2207 se
325 2169 430 2208 iussu
450 2175 604 2208 senatus
623 2183 646 2208 a
665 2171 778 2208 nobis
798 2176 938 2219 petere,
959 2175 1001 2207 ut
1020 2170 1246 2207 veniremus.
1305 2168 1434 2206 Primo

35 2244 95 2280 275
114 2235 229 2272 nobis
267 2234 337 2272 fuit
375 2235 536 2272 dubium
574 2236 668 2286 quid
706 2247 933 2284 ageremus:
977 2235 1117 2272 deinde
1156 2234 1232 2272 cito
1266 2233 1368 2270 venit
1395 2233 1435 2271 in

114 2306 286 2338 mentem
323 2312 406 2338 non
443 2312 528 2339 esse
566 2301 764 2339 vitandum
811 2300 924 2338 nobis
971 2300 1078 2338 illum
1125 2304 1359 2339 conventum
1396 2305 1435 2337 et

112 2363 253 2404 locum.

733 2447 760 2475 υ
