1587 2533
95 104 147 156 76
439 110 682 142 EXTRACTS
713 110 849 141 FROM
877 111 1053 142 CICERO.

99 207 296 257 negotium
317 205 482 244 conficit.
553 205 690 242 Invitat
710 203 854 242 Canius
874 204 1056 254 postridie
1075 203 1277 241 familiares
1297 214 1410 249 su0s;

101 273 202 310 venit
236 273 324 321 ipse
362 278 509 308 mature
524 284 535 318 5
584 270 769 307 scalmum
807 270 952 307 nullum
985 269 1095 306 videt.
1171 268 1328 315 Quaerit
1365 279 1412 304 ex
1431 286 1468 317 25

101 338 281 388 proximo
319 337 457 382 vicino,
496 348 590 373 num
627 336 742 372 feriae
780 335 970 384 quaedam
1007 336 1240 383 piscatorum
1276 340 1414 379 essent,

99 404 204 453 quod
226 415 293 440 eos
314 402 439 440 nullos
459 401 610 438 videret.
667 403 676 418 ‘
690 400 838 445 Nullae,
861 400 965 449 quod
986 399 1126 444 sciam,'
1147 399 1288 448 inquit:
1324 402 1333 418 ‘
1347 398 1414 436 sed

97 468 158 505 hic
188 467 327 517 piscari
357 466 449 503 nulli
478 465 613 503 solent.
671 465 806 514 Itaque
834 465 914 502 heri
941 466 1115 510 mirabar,
1138 464 1230 513 quid
1257 464 1412 501 accidis-

98 532 175 571 set?
239 531 478 569 Stomachari
526 530 681 568 Canius.
741 530 818 567 Sed
865 530 956 579 quid
1004 529 1170 567 faceret?
1227 528 1414 566 Nondum

97 599 200 636 enim
238 597 437 645 Aquillius,
478 595 625 644 collega
663 602 699 632 et
740 595 932 632 familiaris
969 607 1090 639 meus,
1125 594 1330 643 protulerat
1367 593 1414 630 de
1432 610 1475 639 30

97 663 186 701 dolo
221 662 323 699 malo
357 661 567 698 formulas:
616 661 655 697 in
690 661 827 709 quibus
861 661 952 709 ipsis
986 671 1105 709 quum
1139 672 1186 696 ex
1220 671 1266 697 eo
1300 671 1414 708 quae-

97 736 238 766 reretur
286 727 377 776 quid
425 733 524 763 esset
577 725 687 763 dolus
742 725 875 771 malus,
932 725 1202 774 respondebat,
1261 724 1415 770 ‘Quum

97 801 198 832 esset
237 793 340 830 aliud
378 791 608 837 simulatum,
646 791 749 828 aliud
787 790 937 828 actum.’
1003 790 1093 827 Hoc
1131 790 1287 839 quidem
1325 801 1417 827 sane

97 859 297 903 luculente,
319 863 359 894 ut
389 857 437 893 ab
467 856 624 893 homine
653 856 775 905 perito
805 855 1021 893 definiendi.
1079 855 1184 904 Ergo
1205 862 1242 892 et
1262 855 1418 904 Pythius

99 932 136 962 et
169 935 304 962 omnes
335 921 437 959 aliud
471 928 629 971 agentes
662 921 764 958 aliud
800 920 1023 958 simulantes
1058 921 1204 970 perfidi,
1236 920 1413 970 improbi,
1438 931 1476 963 35

99 989 287 1027 malitiosi.

618 1123 685 1157 23.
724 1118 900 1156 Evasion.

154 1242 332 1281 Existunt
360 1241 475 1279 etiam
505 1252 620 1290 saepe
650 1241 808 1279 iniuriae
838 1240 1031 1279 calumnia
1059 1242 1225 1291 quadam
1247 1247 1283 1278 et
1310 1243 1423 1281 nimis

106 1308 240 1347 callida
278 1306 347 1344 sed
386 1305 576 1343 malitiosa
613 1306 702 1343 iuris
739 1306 1060 1356 interpretatione.
1116 1307 1176 1345 Ex
1210 1320 1287 1358 quo
1321 1309 1423 1354 illud,

106 1379 323 1412 ‘summum
358 1372 416 1409 ius
451 1383 603 1408 summa
634 1371 792 1418 iniuria,'
822 1371 965 1410 factum
994 1378 1051 1410 est
1084 1373 1160 1410 iam
1191 1374 1317 1411 tritum
1347 1386 1424 1412 ser-

105 1452 221 1478 mone
268 1437 524 1488 proverbium.
601 1436 691 1483 Quo
738 1438 777 1474 in
823 1450 964 1487 genere
1003 1438 1117 1476 etiarn
1155 1439 1194 1476 in
1231 1440 1426 1490 republica

107 1505 226 1543 multa
255 1509 474 1553 peccantur,
504 1508 546 1539 ut
574 1502 645 1547 ille,
678 1503 753 1551 qui,
786 1515 905 1552 quum
935 1504 1089 1552 triginta
1120 1504 1266 1541 dierum
1299 1512 1462 1548 essentf,

108 1583 196 1609 cum
229 1570 341 1608 hoste
372 1568 493 1605 factae
526 1568 713 1613 induciae,
742 1576 860 1606 noctu
888 1569 1140 1618 populabatur
1168 1582 1293 1619 agros,
1323 1571 1427 1621 quod

111 1637 259 1674 dierum
297 1640 424 1672 essent
461 1639 597 1682 pactae
635 1645 715 1670 non
752 1634 923 1670 noctium
961 1634 1148 1673 induciae.
1204 1635 1265 1673 Ne
1298 1643 1428 1674 noster

110 1702 267 1754 quidem
305 1698 541 1749 probandus,
578 1698 608 1735 si
642 1711 773 1735 verum
810 1706 878 1745 est,
913 1698 962 1745 Q.
997 1699 1159 1737 Fabium
1191 1700 1426 1748 Labeonem,

110 1780 177 1806 seu
208 1778 326 1816 quem
356 1764 484 1806 alium,
508 1763 617 1814 (nihil
646 1764 750 1801 enim
778 1771 927 1813 praeter
955 1765 1126 1802 auditum
1153 1764 1309 1816 habeo),
1330 1767 1427 1804 arbi-

110 1840 210 1870 trum
245 1829 409 1868 Nolanis
443 1835 481 1866 et
514 1827 778 1878 Neapolitanis
813 1829 859 1867 de
894 1830 1032 1867 finibus
1063 1842 1086 1867 a
1118 1837 1254 1868 senatu
1285 1832 1427 1878 datum,
1449 1851 1488 1873 10

111 1910 231 1948 quum
263 1895 312 1933 ad
343 1895 471 1932 locum
500 1895 675 1939 venisset,
700 1906 788 1932 cum
816 1895 983 1944 utrisque
1013 1896 1217 1944 separatim
1244 1896 1425 1944 locutum,

112 1971 154 2002 ut
182 1975 231 2000 ne
261 1960 399 2010 cupide
429 1959 521 2009 quid
550 1965 716 2008 agerent,
740 1972 788 1997 ne
818 1967 1048 2009 appetenter,
1070 1968 1183 2010 atque
1212 1968 1253 1999 ut
1280 1964 1429 2012 regredi

115 2040 231 2079 quam
269 2025 449 2076 progredi
487 2025 654 2062 mallent.
710 2025 757 2062 Id
796 2038 914 2075 quum
954 2026 1102 2076 utrique
1142 2027 1330 2074 fecissent,
1364 2029 1428 2066 ali-

113 2100 300 2144 quantum
329 2091 411 2140 agri
440 2091 480 2128 in
508 2091 637 2128 medio
666 2091 836 2128 relictum
865 2098 932 2128 est.
989 2092 1124 2140 Itaque
1148 2092 1296 2130 illorum
1320 2093 1427 2139 fines,

113 2162 209 2198 sicut
246 2157 320 2207 ipsi
359 2156 543 2201 dixerant,
583 2156 816 2193 terminavit:
873 2157 911 2192 in
949 2156 1076 2194 medio
1115 2158 1286 2196 relictum
1325 2159 1429 2208 quod
1451 2175 1486 2206 15

118 2232 208 2270 erat,
244 2222 390 2272 populo
425 2221 606 2259 Romano
640 2222 876 2259 adiudieavit.
947 2221 1134 2271 Decipere
1167 2223 1242 2261 hoc
1275 2225 1429 2273 quidem

120 2297 178 2328 est
207 2301 288 2326 non
316 2287 494 2325 iudicare.
551 2286 745 2333 Quocirca
776 2288 817 2324 in
850 2288 956 2324 omni
986 2300 1026 2325 re
1055 2288 1236 2337 fugienda
1265 2296 1322 2327 est
1349 2290 1430 2327 talis

114 2354 287 2394 sollertia.
