1587 2533
550 95 708 125 GREEK
737 94 766 124 A
773 96 924 126 NECDO
931 95 1023 125 TES.
1422 96 1447 139 5

87 192 228 242 5dona
266 203 288 227 a
327 190 440 228 sociis
479 189 673 234 attulisset,
709 195 746 226 et
786 190 920 226 ceteris
955 191 994 226 in
1030 189 1141 227 rebus
1176 202 1328 227 comem
1358 201 1448 238 erga

126 256 368 307 Lysandrum
408 261 522 304 atque
561 254 773 292 humanum
812 254 940 300 fuisse,
976 262 1012 292 et
1046 257 1079 292 ei
1115 255 1323 304 quemdam
1357 267 1448 292 con-

126 329 276 372 septum
298 333 431 370 agrum
453 320 652 369 diligenter
673 320 865 357 consitum
886 321 1111 358 ostendisse.
1170 320 1302 367 Quum
1323 327 1449 357 autem

125 388 374 425 admiraretur
407 385 607 435 Lysander
643 392 679 423 et
711 386 959 435 proceritates
993 387 1174 423 arborum
1212 392 1249 422 et
1287 385 1449 423 directos

125 454 164 490 in
196 453 453 502 quincuncem
487 451 642 488 ordines
676 458 712 488 et
745 451 907 488 humum
942 452 1140 488 subactam
1172 457 1284 500 atque
1314 464 1447 500 puram

70 534 107 558 ιο
126 526 164 556 et
195 519 419 556 suavitatem
450 517 616 554 odorum
648 518 712 566 qui
746 517 962 554 afflarentur
993 530 1013 554 e
1044 517 1213 564 fioribus,
1246 524 1327 554 tum
1361 530 1448 555 eum

126 584 279 630 dixisse,
300 582 427 620 mirari
448 595 488 620 se
508 594 588 619 non
609 583 728 620 modo
750 583 984 631 diligentiam
1010 582 1078 620 sed
1102 583 1215 620 etiam
1242 583 1448 621 sollertiam

124 650 205 687 eius
234 661 257 686 a
286 660 363 698 quo
393 654 523 685 essent
549 648 612 684 illa
639 648 814 685 dimensa
835 654 949 697 atque
970 648 1171 697 descripta,
1193 654 1230 685 et
1250 648 1284 685 ei
1305 647 1448 697 Cyrum

123 713 380 763 respondisse,
422 713 562 762 ‘Atqui
602 725 677 762 ego
716 713 847 750 omnia
880 714 952 750 ista
986 725 1071 751 sum
1105 714 1323 760 dimensus3
1373 715 1449 751 mei

123 786 211 817 sunt
241 779 406 824 ordines,
438 791 526 816 mea
557 778 784 827 descriptio;
826 779 969 815 multae
1003 779 1117 816 etiam
1150 779 1307 816 istarum
1337 780 1445 816 arbo-

69 854 206 891 15rum
236 853 322 879 mea
349 853 466 878 manu
502 848 589 879 sunt
622 839 748 879 satae.’
807 841 912 878 Tum
951 841 1204 890 Lysandrum,
1235 842 1446 879 intuentem

123 905 203 942 eius
237 916 447 954 purpuram
480 911 517 941 et
551 904 715 941 nitorem
747 906 920 953 corporis
954 910 1211 953 ornatumque
1251 904 1445 942 Persicum

122 970 243 1008 multo
282 981 375 1007 auro
413 969 618 1018 multisque
660 970 834 1019 gemmis,
875 969 1042 1007 dixisse:
1092 969 1236 1007 ‘Recte
1270 981 1360 1007 vero
1400 977 1446 1014 te,

123 1035 235 1085 Cyre,
254 1036 409 1073 beatum
438 1035 573 1080 ferunt,
595 1036 780 1084 quoniam
799 1035 922 1072 virtuti
949 1042 1036 1073 tuae
1063 1035 1216 1073 fortuna
1242 1036 1447 1073 coniuncta

123 1100 218 1139 estl'

527 1242 568 1276 6.
607 1237 803 1287 Lysander
831 1243 872 1275 al
897 1238 1047 1276 Athens.

176 1358 420 1408 Lysandrum
452 1359 806 1397 Lacedaemonium
841 1361 963 1399 dicere
996 1362 1099 1399 aiunt
1132 1362 1295 1409 solitum,
1330 1363 1449 1401 Lace-

126 1425 316 1462 daemone
345 1437 429 1463 esse
459 1425 774 1464 honestissimum
804 1427 1039 1464 domicilium
1074 1430 1288 1466 senectutis.
1349 1429 1449 1467 Nus-

123 1502 239 1540 quam
273 1491 377 1528 enim
410 1497 560 1528 tantum
595 1492 768 1529 tribuitur
802 1493 925 1537 aetati,
956 1505 1149 1542 nusquam
1183 1501 1239 1531 est
1273 1502 1450 1533 senectus

123 1555 357 1594 honoratior.
435 1555 541 1602 Quin
586 1558 699 1594 etiam
742 1559 951 1596 memoriae
990 1560 1185 1608 proditum
1224 1566 1291 1606 est,
1331 1573 1450 1610 quum

87 1640 104 1672 5
125 1621 302 1668 Athenis,
333 1621 441 1669 ludis,
474 1623 631 1672 quidam
665 1624 705 1661 in
735 1623 924 1661 theatrum
957 1625 1113 1673 grandis
1147 1631 1240 1662 natu
1272 1627 1450 1673 venisset,

125 1689 165 1726 in
192 1700 337 1737 magno
362 1700 548 1726 consessu
571 1689 701 1726 locum
721 1702 913 1739 nusquam
934 1691 968 1728 ei
989 1691 1120 1728 datum
1141 1704 1162 1728 a
1183 1693 1259 1729 suis
1281 1692 1450 1739 civibus;

123 1765 244 1802 quum
266 1760 394 1791 autem
414 1755 464 1792 ad
488 1754 822 1793 Lacedaemonios
843 1757 1077 1801 accessisset,
1099 1757 1173 1805 qui,
1195 1756 1308 1806 legati
1329 1770 1447 1806 quum

122 1826 261 1866 essent,
292 1826 395 1858 certo
426 1820 466 1857 in
494 1820 583 1858 loco
613 1821 880 1866 consederant,
913 1823 1200 1859 consurrexisse
1232 1835 1380 1870 omnes,
1411 1834 1448 1862 et

121 1897 256 1923 senem
282 1885 386 1923 illum
411 1898 559 1924 sessum
580 1887 781 1936 recepisse.
839 1887 991 1933 Quibus
1012 1900 1131 1937 quum
1152 1900 1174 1925 a
1194 1895 1332 1926 cuncto
1354 1902 1445 1927 con-

67 1965 105 1989 10
124 1963 233 1989 sessu
252 1950 409 2000 plausus
430 1958 531 1989 esset
551 1951 749 2002 multiplex
770 1952 890 1998 datus,
913 1952 1052 1990 dixisse
1079 1965 1125 1989 ex
1152 1953 1196 1990 iis
1224 1956 1446 2002 quemdam,

119 2016 376 2055 Athenienses
397 2018 492 2055 scire
512 2029 610 2066 quae
630 2025 732 2055 recta
752 2024 891 2062 essent,
914 2018 982 2054 sed
1001 2018 1126 2055 facere
1147 2019 1259 2057 nolle.

530 2161 569 2196 ¹7.
615 2156 746 2204 errus⁷
768 2156 867 2194 Last
902 2157 1038 2194 Words.

175 2290 293 2341 Apud
341 2290 643 2341 Xenophontem
682 2292 852 2330 moriens
891 2291 1013 2340 Cyrus
1051 2294 1173 2331 maior
1210 2293 1310 2332 haec
1349 2295 1449 2334 dicit.

123 2355 491 2419 ‘thrari‚
521 2369 547 2395 ο
578 2356 669 2394 mihi
701 2357 882 2395 carissimi
919 2358 993 2404 filii,
1024 2371 1097 2404 me,
1129 2371 1249 2408 quum
1285 2372 1307 2397 a
1341 2363 1450 2400 vobis
