1587 2533
126 108 203 140 sect.
227 109 288 140 111.
583 97 779 138 SCIPIO'S
808 105 985 138 DREAM.
1365 108 1440 153 137

127 206 211 256 ipsa
229 207 344 244 virtus
363 206 487 244 trahat
512 207 561 244 ad
581 219 711 244 verum
732 206 850 243 decus
862 218 872 252 ;
902 205 994 255 quid
1014 205 1062 243 de
1081 211 1119 243 te
1145 205 1205 243 alii
1225 205 1443 255 loquantur,

47 285 107 316 215
127 272 199 322 ipsi
231 272 406 318 videant;
447 272 514 309 sed
543 272 746 321 loquentur
774 278 913 308 tamen.
985 269 1120 307 Sermo
1151 277 1280 307 autem
1316 271 1443 308 omnis

127 337 187 373 ille
215 343 254 374 et
281 337 465 385 angustiis
495 337 658 385 cingitur
687 336 731 373 iis
759 336 972 384 regionum,
995 347 1091 383 quas
1120 335 1238 379 vides,
1260 344 1332 372 nec
1357 347 1442 371 um—

127 413 244 450 quam
272 401 321 439 de
349 402 426 439 ullo
455 402 634 451 perennis
661 401 738 445 fuit,
760 407 796 438 et
815 401 988 437 obruitur
1014 399 1216 437 hominum
1236 400 1386 436 interitu
1407 407 1444 437 et

125 466 318 504 oblivione
338 467 568 516 posteritatis
588 464 863 514 exstinguitur!

180 535 243 569 14.
273 532 385 578 Quae
405 543 524 581 quum
545 531 713 576 dixisset,
731 530 840 579 ‘Ego
861 530 975 573 vero‚’
989 531 1159 580 inquam,
1181 532 1191 550 ‘
1205 543 1229 568 o
1250 529 1442 576 Afficane,

46 615 110 638 220
127 598 157 635 si
177 597 334 647 quidem
354 599 452 635 bene
472 597 615 634 meritis
637 596 684 634 de
705 596 827 646 patria
847 597 954 645 quasi
975 596 1084 633 limes
1112 596 1161 633 ad
1182 597 1276 633 caeli
1296 597 1441 633 aditum

125 669 239 712 patet,
271 675 518 712 quamquam,
552 674 575 699 a
607 662 768 711 pueritia
801 662 970 710 vestigiis
1008 662 1203 710 ingressus
1237 662 1368 711 patriis
1407 668 1444 699 et

125 727 209 772 tuis,
240 727 370 765 decori
399 734 524 765 vestro
559 739 639 764 non
678 726 791 772 defui,
822 738 925 763 nune
960 733 1100 773 tamen,
1132 734 1239 764 tanto
1269 727 1441 776 praemio

124 793 337 842 proposito,
359 793 479 829 enitar
494 792 614 829 multo
630 791 870 841 vigilantius?
909 791 959 828 Et
975 792 1057 829 ille:
1088 795 1096 811 ‘
1112 791 1176 829 Tu
1196 804 1285 829 vero
1302 792 1442 829 enitere

123 864 162 895 et
192 859 246 896 sie
274 858 427 903 habeto,
447 869 529 895 non
559 869 644 895 esse
672 864 708 893 te
739 856 952 903 mortalem,
975 858 1043 894 sed
1073 869 1213 905 eorpus
1243 857 1340 894 hoc:
1371 869 1441 894 nec

43 940 104 974 ²25
124 924 227 961 enim
256 930 297 961 tu
325 935 377 968 es,
399 935 517 972 quem
545 921 670 960 forma
698 922 770 959 ista
803 922 992 968 deelarat;
1022 923 1091 960 sed
1120 935 1230 960 mens
1258 923 1442 972 cuiusque

123 988 154 1026 is
173 995 231 1027 est
251 989 424 1038 quisque,
445 1000 525 1025 non
546 1000 591 1025 ea
610 987 742 1037 figura,
764 999 862 1036 quae
884 988 1004 1036 digito
1027 988 1282 1025 demonstrari
1303 994 1441 1037 potest.

121 1052 252 1091 Deum
280 1059 317 1090 te
345 1053 459 1102 igitur
488 1053 586 1090 scito
616 1064 722 1090 esse:
761 1053 792 1089 si
822 1052 978 1101 quidem
1009 1053 1104 1089 deus
1134 1058 1202 1098 est,
1233 1052 1298 1102 qui
1326 1053 1440 1102 viget,

122 1119 187 1168 qui
226 1119 349 1164 sentit,
388 1119 453 1168 qui
491 1118 675 1164 meminit,
714 1118 780 1167 qui
818 1117 1005 1167 providet,
1046 1118 1110 1167 qui
1152 1124 1231 1155 tam
1268 1118 1365 1166 regit
1403 1125 1440 1155 et

121 1183 342 1221 moderatur
369 1190 407 1221 et
434 1190 564 1221 movet
592 1183 631 1221 id
666 1195 818 1232 corpus,
850 1183 911 1220 cui
944 1183 1187 1232 praepositus
1227 1189 1293 1228 est,
1326 1195 1441 1233 quam

43 1266 106 1296 230
122 1248 225 1287 hune
253 1248 442 1286 mundum
471 1249 531 1286 ille
560 1249 741 1298 princeps
771 1248 887 1286 deus:
922 1255 958 1285 et
985 1254 1027 1285 ut
1055 1248 1245 1285 mundum
1272 1260 1319 1285 ex
1349 1261 1442 1297 qua-

123 1314 212 1352 dam
241 1321 347 1363 parte
375 1314 578 1351 mortalem
607 1314 688 1362 ipse
718 1314 812 1351 deus
841 1320 1030 1359 aeternus,
1053 1314 1106 1351 sie
1135 1313 1268 1363 fragile
1298 1325 1441 1362 corpus

121 1379 272 1417 animus
301 1379 555 1428 sempiternus
584 1385 723 1416 movet.

175 1448 240 1482 15.
270 1444 374 1482 Nam
411 1444 518 1493 quod
556 1456 710 1493 semper
747 1451 932 1491 movetur,
971 1451 1169 1482 aeternum
1208 1451 1265 1482 est
1276 1457 1286 1491 ;
1335 1444 1439 1494 quod

122 1515 250 1547 autem
271 1516 419 1547 motum
439 1509 548 1547 affert
576 1509 698 1555 alicui,
721 1510 903 1559 quodque
931 1510 1057 1559 ipsum
1087 1511 1251 1559 agitatur
1275 1509 1436 1554 aliunde,

42 1590 103 1623 ²35
123 1575 279 1624 quando
309 1575 426 1612 finem
454 1575 570 1612 habet
602 1581 741 1621 motus,
773 1575 924 1612 vivendi
958 1575 1074 1612 finem
1107 1575 1246 1612 habeat
1282 1586 1441 1612 neeesse

123 1646 192 1678 est.
261 1639 395 1678 Solum
431 1640 544 1689 igitur
575 1640 682 1689 quod
715 1652 800 1678 sese
833 1647 972 1683 movet,
1004 1641 1094 1690 quia
1127 1652 1340 1689 numquam
1375 1640 1441 1677 de-

123 1705 258 1744 seritur
288 1717 311 1743 a
344 1717 396 1751 se,
426 1717 639 1756 numquam
671 1717 720 1743 ne
754 1706 900 1742 moveri
933 1705 1090 1754 quidem
1120 1706 1268 1743 desinit.
1335 1704 1442 1751 Quin

123 1770 237 1808 etiam
275 1771 420 1816 ceteris,
460 1783 558 1821 quae
595 1777 808 1816 moventur,
848 1770 909 1808 hic
957 1765 1056 1816 fons,
1095 1770 1170 1808 hoe
1209 1771 1439 1820 principium

122 1843 181 1874 est
214 1836 406 1874 movendi.
477 1836 671 1886 Principio
706 1843 835 1873 autem
869 1836 971 1873 nulla
1004 1842 1060 1873 est
1091 1836 1223 1884 origo:
1265 1847 1356 1872 nam
1392 1847 1439 1872 ex

41 1911 104 1942 240
122 1901 310 1950 principio
342 1901 514 1940 oriuntur
546 1901 697 1939 omnia:
738 1901 865 1950 ipsum
900 1908 1028 1938 autem
1061 1901 1165 1937 nulla
1202 1913 1249 1938 ex
1288 1912 1327 1937 re
1368 1900 1442 1937 alia

122 1967 228 2004 nasci
261 1972 410 2016 potest:
452 1979 524 2004 nec
554 1968 657 2004 enim
685 1966 724 2004 id
753 1973 853 2004 esset
891 1967 1134 2015 principium,
1165 1966 1271 2015 quod
1305 1966 1439 2015 gigne-

121 2039 223 2070 retur
259 2032 433 2070 aliunde:
481 2032 586 2082 quod
625 2033 654 2070 si
692 2044 905 2080 numquam
938 2032 1066 2077 oritur,
1096 2044 1145 2069 ne
1186 2032 1325 2069 oceidit
1358 2032 1442 2080 qui-

121 2097 212 2136 dem
249 2109 446 2147 umquam.
519 2097 623 2134 Nam
660 2097 892 2146 principium
931 2097 1163 2133 exstinctum
1201 2109 1273 2134 nec
1311 2096 1440 2145 ipsum

121 2163 171 2201 ab
215 2162 289 2200 alio
334 2169 564 2208 renascetur,
604 2175 675 2200 nee
713 2175 761 2199 ex
807 2174 847 2199 se
895 2162 997 2199 aliud
1034 2162 1196 2199 creabit:
1248 2162 1438 2210 siquidem

42 2243 101 2276 245
121 2239 280 2266 necesse
317 2234 374 2266 est
411 2240 434 2265 a
476 2228 667 2278 principio
705 2227 793 2264 oriri
828 2227 970 2264 omnia.
1045 2227 1104 2264 Ita
1142 2227 1193 2272 fit,
1232 2234 1274 2264 ut
1311 2232 1440 2263 motus

120 2293 350 2344 principium
378 2305 426 2331 ex
453 2305 501 2331 eo
530 2294 586 2337 sit,
617 2293 723 2343 quod
751 2293 878 2341 ipsum
907 2305 929 2329 a
958 2304 998 2330 se
1027 2299 1223 2330 movetur:
1245 2292 1439 2347 ildautem

121 2371 195 2415 nee
231 2359 338 2397 nasci
380 2365 506 2409 potest
547 2371 620 2397 nec
658 2358 762 2419 1¹¹2ss
770 2370 778 2395 :
825 2358 884 2395 vel
921 2358 1099 2396 concidat
1138 2355 1253 2395 omn'e
1292 2357 1441 2394 caelum

796 2434 822 2462 L
