1587 2533
155 134 230 176 132
502 133 748 164 EXTRACTS
776 135 912 164 FROM
940 136 1119 166 CICERO.
1304 137 1459 168 Sect.111.

148 225 260 263 video
289 226 397 275 quasi
427 226 591 264 fatorum
617 228 727 264 viam.
785 227 888 265 Nam
912 241 1031 277 quum
1059 236 1164 266 aetas
1190 235 1256 266 tua
1278 236 1460 278 septenos

149 290 268 327 octies
313 291 402 328 solis
456 291 659 328 amfractus
697 293 916 341 reditusque
955 294 1190 339 converterit,
1230 294 1384 342 duoque
1421 295 1460 331 hi

148 355 307 400 numeri,
352 367 516 404 quorum
566 363 725 405 uterque
762 358 910 406 plenus,
949 359 1041 395 alter
1079 359 1195 396 altera
1245 359 1292 396 de
1332 371 1459 404 causa,
1478 363 1518 393 45

148 420 317 465 habetur,
357 421 514 457 circuitu
551 422 709 458 naturali
747 434 937 459 summam
988 424 1056 460 tibi
1093 423 1246 460 fatalem
1283 423 1460 460 confece-

149 485 234 530 rint,
271 485 309 521 in
338 492 374 522 te
407 497 527 522 unum
562 493 675 535 atque
709 487 748 523 in
779 493 886 524 tuum
916 500 1057 525 nomen
1090 500 1129 525 se
1159 495 1240 525 tota
1269 495 1460 525 convertet

149 549 300 586 civitas:
331 555 368 586 te
400 557 566 594 senatus,
598 557 634 587 te
666 563 802 588 omnes
832 552 936 598 boni,
972 559 1008 589 te
1041 552 1145 598 socii,
1177 559 1214 589 te
1248 551 1373 588 Latini
1405 552 1461 588 in-

148 615 376 650 tuebuntur:
414 621 455 651 tu
493 615 565 651 eris
602 627 711 661 unus,
750 616 789 652 in
834 628 910 665 quo
954 617 1094 653 nitatur
1131 617 1288 653 civitatis
1336 616 1459 662 salus;

147 690 191 715 ac
220 690 269 715 ne
301 679 430 723 multa,
463 679 625 717 dictator
658 693 738 717 rem
769 682 960 729 publicam
999 682 1207 719 constituas
1236 687 1397 730 oportet,
1429 681 1460 718 si
1479 689 1520 720 50

147 743 283 792 impias
303 745 606 792 propinquorum
627 757 762 782 manus
784 744 985 794 effugeris.'

204 812 241 845 5.
274 808 378 845 ‘Sed
417 821 493 857 quo
534 811 595 856 sis,
627 810 817 855 Africane,
859 811 1018 848 alacrior
1056 811 1104 848 ad
1143 811 1342 848 tutandam
1379 822 1458 847 rem

149 873 352 922 publicam,
390 874 442 911 sic
473 875 634 912 habeto:
665 876 855 920 omnibus,
888 876 952 925 qui
991 877 1150 925 patriam
1190 875 1458 920 conservarint,

147 938 366 983 adiuverint,
397 940 580 984 auxerint,
603 947 747 977 certum
776 953 858 977 esse
888 941 927 977 in
957 941 1061 978 caelo
1092 940 1288 977 definitum
1317 940 1457 985 locum,

148 1003 211 1039 ubi
254 1004 352 1040 beati
390 1016 483 1042 aevo
523 1006 753 1054 sempiterno
793 1006 984 1043 fruantur:
1024 1006 1117 1043 nihil
1162 1012 1218 1043 est
1265 1006 1368 1042 enim
1406 1005 1516 1045 illi55

147 1069 310 1118 principi
343 1070 427 1115 deo,
460 1071 524 1119 qui
555 1083 710 1108 omnem
740 1071 842 1109 hunc
880 1072 1065 1108 mundum
1103 1072 1210 1119 regit,
1240 1071 1345 1119 quod
1374 1070 1458 1118 qui-

147 1138 235 1175 dem
283 1139 321 1176 in
369 1141 475 1178 terris
513 1141 588 1186 fiat,
627 1142 829 1190 acceptius,
871 1154 986 1191 quam
1035 1142 1196 1178 concilia
1248 1148 1458 1189 coetusque

147 1203 347 1240 hominum
385 1205 464 1243 iure
503 1207 645 1250 sociati,
686 1219 782 1255 quae
822 1207 990 1243 civitates
1025 1206 1283 1255 appellantur:
1322 1205 1458 1241 harum

146 1276 310 1306 rectores
331 1277 367 1307 et
390 1279 675 1308 conservatores
695 1271 784 1308 hinc
806 1270 965 1319 profecti
985 1271 1060 1308 huc
1080 1269 1337 1307 revertuntur.'

163 1341 171 1348 '
200 1342 239 1375 6.
271 1337 348 1374 Hic
378 1348 462 1385 ego,
485 1337 554 1373 etsi
585 1348 688 1373 eram
718 1336 935 1384 perterritus
966 1348 1044 1372 non
1073 1343 1151 1372 tam
1179 1343 1281 1372 metu
1310 1335 1456 1380 mortis,
1476 1341 1517 1372 60

146 1415 261 1452 quam
291 1401 512 1439 insidiarum
542 1413 564 1437 a
592 1402 698 1445 meis,
727 1401 895 1449 quaesivi
925 1408 1065 1445 tamen,
1095 1401 1282 1437 viveretne
1311 1400 1393 1448 ipse
1421 1405 1459 1437 et

145 1467 299 1504 Paullus
336 1473 446 1515 pater
484 1472 521 1502 et
559 1466 631 1510 alii,
672 1478 770 1514 quos
809 1477 880 1502 nos
925 1466 1134 1503 exstinctos
1181 1466 1456 1502 arbitraremur.

147 1532 298 1568 ‘Immo
332 1531 445 1576 vero,'
475 1531 606 1579 inquit,
638 1532 684 1567 ‘ii
714 1531 853 1575 vivunt,
884 1531 948 1580 qui
977 1543 1025 1567 ex
1054 1542 1260 1579 corporum
1288 1529 1456 1574 vinculis,

148 1606 346 1646 tamquam
375 1608 395 1633 e
425 1608 575 1633 carcere
604 1596 867 1632 evolaverunt:
902 1602 1026 1632 vestra
1054 1607 1153 1639 vero,
1185 1607 1282 1643 quae
1312 1595 1456 1640 dicitur,

147 1663 222 1699 vita
252 1673 357 1698 mors
390 1667 458 1698 est.
518 1659 623 1706 Quin
652 1666 693 1696 tu
726 1660 864 1709 aspicis
896 1660 944 1696 ad
977 1666 1012 1696 te
1043 1660 1256 1696 venientem
1284 1659 1456 1695 Paullum
1476 1664 1512 1703 65

148 1726 346 1777 patrem?'
404 1725 532 1771 Quem
561 1725 626 1761 ubi
654 1724 741 1769 vidi,
771 1724 950 1773 equidem
985 1724 1061 1760 vim
1098 1724 1337 1760 lacrimarum
1369 1735 1456 1772 pro-

146 1792 226 1829 ·fudi
243 1805 252 1837 3
292 1791 351 1828 ille
386 1798 513 1827 autem
542 1802 604 1827 me
633 1789 856 1838 complexus
895 1796 1009 1838 atque
1039 1789 1217 1826 osculans
1251 1788 1340 1826 flere
1370 1800 1457 1838 pro-

146 1857 310 1894 bibebat.

203 1926 239 1960 7.
270 1922 397 1970 Atque
443 1933 516 1969 ego
554 1927 596 1957 ut
632 1920 808 1968 primurn,
847 1919 938 1957 fletu
975 1931 1161 1968 represso,
1198 1918 1304 1968 loqui
1341 1930 1456 1967 posse

105 2003 110 2011 ·
151 1987 272 2035 coepi,
303 1985 505 2031 ‘Quaeso,’
537 1985 704 2033 inquam,
737 1988 865 2033 ‘pater
895 1984 1128 2021 sanctissime
1157 1990 1269 2032 atque
1301 1984 1456 2032 optime,
1476 1999 1514 2030 70

150 2051 335 2101 quoniam
364 2051 459 2087 haec
493 2056 551 2087 est
587 2050 672 2094 vita,
707 2055 748 2085 ut
784 2048 1008 2085 Africanum
1042 2048 1154 2085 audio
1189 2048 1325 2094 dicere,
1364 2048 1456 2096 quid

145 2128 275 2153 moror
302 2116 342 2153 in
370 2116 501 2152 terris?
530 2115 621 2164 quin
645 2114 720 2151 huc
745 2114 793 2151 ad
818 2125 886 2150 vos
912 2113 1039 2150 venire
1066 2113 1257 2162 propero?
1273 2111 1282 2125 ’
1340 2112 1455 2150 ‘Non

145 2188 203 2218 est
223 2180 296 2226 ita,’
317 2180 438 2229 inquit
463 2180 533 2216 ille.
593 2182 601 2198 ‘
618 2179 703 2216 Nisi
732 2178 834 2215 enim
855 2178 948 2215 deus
977 2178 1020 2222 is,
1041 2178 1148 2214 cuius
1167 2177 1242 2214 hoc
1269 2178 1453 2226 templum

145 2253 202 2284 est
229 2258 345 2283 omne
375 2244 478 2294 quod
507 2244 710 2292 conspicis,
738 2243 817 2280 istis
845 2249 882 2279 te
911 2242 1080 2290 corporis
1110 2234 1291 2279 custodiis
1319 2243 1453 2281 libera-

143 2313 246 2358 verit,
276 2312 351 2349 huc
387 2311 454 2347 tibi
486 2310 608 2346 aditus
641 2314 769 2357 patere
808 2320 887 2345 non
925 2314 1063 2356 potest.
1121 2307 1312 2345 Homines
1351 2309 1452 2345 enim
1472 2322 1508 2353 75

144 2384 232 2415 sunt
259 2377 331 2415 hac
359 2376 443 2425 lege
472 2374 652 2424 generati,
683 2374 746 2423 qui
781 2379 970 2410 tuerentur
1002 2372 1106 2409 illum
1135 2371 1306 2421 globum,
1337 2385 1452 2423 quem
