1587 2533
508 529 908 577 SECTION
973 530 1070 578 ΙΙΙ.

185 737 455 792 STORIES
508 739 895 781 CONNECTED
946 740 1120 782 WITH
1174 739 1392 783 OMENS

561 829 699 870 AND
732 830 1016 872 DREAMS.
1046 846 1051 852 ·

657 995 852 1035 CHAP.
892 995 924 1035 Ι.

182 1116 215 1151 1.
244 1111 520 1151 PRAESEN-rrAM
552 1123 667 1161 saepe
701 1111 778 1149 divi
816 1124 926 1149 suam
964 1111 1169 1158 declarant,
1199 1119 1240 1150 ut
1273 1118 1312 1150 et
1348 1112 1452 1161 apud

128 1176 323 1227 Regillum
341 1177 443 1215 bello
463 1176 702 1222 Latinorum,
724 1189 843 1226 quum
862 1176 909 1214 A.
931 1176 1151 1214 Postumius
1181 1177 1343 1214 dictator
1363 1189 1452 1214 cum

128 1242 292 1281 Octavio
312 1242 488 1279 Mamilio
508 1241 731 1279 Tusculano
752 1241 896 1290 praelio
918 1242 1127 1288 dimicaret,
1148 1242 1187 1278 in
1214 1248 1344 1279 nostra
1370 1241 1451 1279 acie

125 1308 265 1347 Castor
293 1314 331 1346 et
359 1307 495 1359 Pollux
523 1319 572 1344 ex
601 1307 709 1356 equis
738 1319 912 1356 pugnare
944 1307 1013 1345 visi
1042 1313 1141 1353 sunt,
1171 1314 1209 1345 et
1240 1307 1451 1345 recentiore

87 1384 106 1416 5
123 1373 311 1412 memoria
329 1372 446 1410 iidem
467 1372 712 1421 Tyndaridae
732 1372 875 1409 Persen
899 1373 1039 1409 victum
1067 1373 1346 1410 nuntiaverunt.
1405 1372 1450 1409 P.

123 1439 228 1477 enim
253 1438 441 1484 Vatinius,
462 1450 554 1475 avus
583 1437 693 1475 huius
727 1437 993 1483 adolescentis,
1015 1450 1135 1488 quum
1165 1450 1186 1475 e
1215 1437 1452 1487 praefectura

125 1503 289 1542 Reatina
309 1503 478 1540 Romam
497 1503 664 1540 venienti
683 1510 801 1540 noctu
827 1503 905 1540 duo
935 1503 1090 1540 iuvenes
1110 1515 1198 1540 cum
1228 1504 1336 1552 equis
1357 1504 1451 1541 albis

126 1569 312 1607 dixissent
341 1580 474 1617 regem
506 1567 648 1605 Persen
677 1568 740 1606 illo
770 1568 830 1605 die
861 1574 1027 1617 captum,
1049 1569 1273 1618 senatuique
1301 1569 1451 1606 nuntia-

125 1636 252 1681 visset,
271 1635 408 1684 primo,
430 1635 539 1685 quasi
558 1640 700 1672 temere
720 1634 767 1671 de
794 1635 989 1683 republica
1011 1635 1172 1680 locutus,
1194 1635 1234 1671 in
1260 1646 1450 1672 carcerem

68 1717 107 1740 10
125 1700 322 1739 coniectus
347 1706 405 1737 est
418 1712 429 1746 ‚·
459 1706 559 1749 post,
579 1711 602 1736 a
628 1699 761 1737 Paullo
786 1700 917 1738 litteris
940 1700 1071 1746 allatis,
1091 1712 1211 1749 quum
1241 1699 1344 1737 idem
1369 1701 1450 1738 dies

122 1765 365 1811 constitisset,
386 1771 424 1803 et
443 1777 536 1814 agro
557 1777 579 1801 a
599 1771 734 1802 senatu
754 1771 791 1802 et
810 1764 1193 1802 vacationedonatus
1215 1771 1282 1802 est.
1321 1765 1449 1814 Atque

121 1831 237 1868 etiam
270 1842 390 1880 quum
418 1830 468 1868 ad
496 1830 653 1867 fluvium
684 1829 844 1879 Sagram
869 1830 1111 1867 Crotoniatas
1137 1829 1253 1868 Locri
1278 1831 1448 1868 maximo

120 1896 266 1946 praelio
297 1895 535 1942 devicissent,
558 1907 605 1933 eo
639 1896 726 1946 ipso
757 1896 818 1934 die
848 1896 1018 1933 auditam
1046 1907 1130 1932 esse
1159 1907 1246 1932 eam
1275 1908 1448 1944 pugnam

120 1961 219 2000 ludis
246 1961 450 2011 Olympiae
477 1961 687 1999 memoriae
720 1961 915 2010 proditum
945 1966 1012 1997 est.
1071 1959 1195 2009 Saepe
1226 1960 1448 1999 Faunorum

66 2041 102 2073 15
121 2030 237 2065 'voces
265 2026 477 2072 exauditae,
507 2037 623 2075 saepe
652 2026 754 2065 visae
783 2025 930 2062 formae
965 2024 1126 2062 deorum
1159 2026 1332 2074 quemvis
1366 2039 1447 2064 non

120 2098 186 2131 aut
229 2092 409 2130 hebetem
447 2096 513 2128 aut
549 2091 711 2140 impium
749 2091 844 2128 deos
889 2096 1108 2139 praesentes
1148 2101 1232 2127 esse
1274 2090 1446 2128 confiteri

119 2163 342 2207 coegerunt.

174 2227 212 2260 2.
241 2221 523 2260 Praedictiones
556 2234 646 2260 vero
680 2227 718 2260 et
749 2220 1042 2271 praesensiones
1075 2233 1201 2258 rerum
1234 2221 1443 2260 futurarum

120 2288 213 2339 quid
240 2287 343 2326 aliud
380 2287 583 2333 declarant,
613 2287 685 2325 nisi
722 2286 943 2324 hominibus
980 2298 1027 2324 ea
1065 2297 1163 2335 quae
1197 2285 1323 2324 futura
1355 2296 1443 2325 sunt

63 2369 104 2392 20
119 2352 282 2400 ostendi,
310 2352 528 2401 monstrari,
552 2352 740 2402 portendi,
771 2351 966 2401 praedici?
995 2363 1043 2389 ex
1073 2363 1152 2403 quo
1185 2351 1249 2389 illa
1277 2357 1441 2399 ostenta,

753 2427 765 2454 ι
787 2427 807 2452 2
