1587 2533
119 116 172 159 30
469 111 529 141 EX
535 111 622 141 TRA
630 111 711 141 CTS
740 111 800 141 FR
807 110 876 141 OM
903 111 949 140 CI
951 111 1037 140 CER
1045 111 1082 140 O.

118 212 228 254 portu
248 203 524 253 deprehensam
543 204 604 241 lex
625 204 822 254 publicarit
841 216 1035 253 quumque
1055 204 1148 241 haec
1169 204 1273 241 navis
1298 205 1422 242 invitis

119 270 241 307 nautis
260 270 295 306 vi
323 269 554 319 tempestatis
573 269 612 306 in
632 275 785 319 portum
814 269 986 306 coniecta
1014 269 1072 316 sit,
1092 274 1315 318 oporteatne
1336 281 1422 306 eam
1443 287 1484 318 30

120 335 312 384 publicari.

491 448 556 483 31.
594 443 629 482 A
661 443 826 482 Socralz'c
853 443 1049 494 Dz‘alogue.

171 545 286 594 Apud
329 544 565 582 Socraticum
598 543 830 582 Aeschinem
868 543 1100 581 demonstrat
1131 542 1306 581 Socrates
1335 557 1423 582 cum

118 610 387 659 Xenophontis
425 622 542 647 uxore
582 616 618 647 et
660 622 748 647 cum
790 609 874 658 ipso
917 608 1176 658 Xenophonte
1218 608 1422 657 Aspasiam

117 676 304 713 locutam:

172 743 180 758 ‘
198 740 271 777 Dic
291 739 394 785 mihi,
416 751 571 788 quaeso,
593 737 863 787 Xenophontis
884 749 990 783 uxor,
1012 737 1041 775 si
1061 737 1181 775 vicina
1201 745 1264 775 tua
1289 739 1424 778 melius

116 805 252 842 habeat
273 817 407 842 aurum
427 816 543 853 quam
559 812 598 841 tu
619 804 748 849 habes,
769 810 895 840 utrum
915 802 1010 840 illius
1031 815 1080 840 an
1100 810 1205 840 tuum
1226 803 1371 842 malis?’
1446 821 1462 851 5

171 873 180 890 ‘
195 869 320 915 Illius,’
343 870 473 919 inquit.

171 939 179 955 ‘
197 935 301 981 Quid
331 936 361 972 si
394 942 537 972 vestem
569 941 605 972 et
639 941 805 972 ceterum
842 940 1017 971 ornatum
1060 933 1280 970 muliebrem
1319 934 1426 983 pretii

118 1001 268 1038 maioris
289 1001 425 1037 habeat
445 1012 560 1049 quam
581 1007 620 1038 tu
640 999 767 1046 habes,
790 1006 945 1036 tuumne
965 1011 1014 1036 an
1034 998 1128 1035 illius
1150 999 1284 1037 malis?
1299 999 1308 1014 '

172 1069 180 1084 ‘
195 1065 299 1102 Illius
319 1065 429 1110 vero,'
451 1064 659 1113 respondit.

171 1133 179 1149 ‘
196 1128 359 1179 Agesis‚’
381 1131 512 1179 inquit,
535 1133 543 1148 ‘
558 1130 588 1166 si
609 1130 729 1166 virum
756 1128 817 1166 illa
846 1129 1042 1165 meliorem
1069 1126 1216 1171 habeat,
1241 1139 1356 1175 quam
1386 1135 1425 1165 tu
1449 1142 1485 1164 10

120 1196 247 1241 habes,
269 1203 443 1232 utrumne
465 1203 570 1232 tuum
590 1195 710 1231 virum
731 1194 850 1239 malis,
873 1205 921 1229 an
943 1193 1087 1230 illius?'

173 1262 247 1298 Hic
270 1262 402 1298 mulier
422 1261 578 1298 erubuit.
621 1260 789 1309 Aspasia
809 1267 935 1296 autem
955 1271 1042 1295 cum
1063 1260 1146 1308 ipso
1169 1260 1426 1309 Xenophonte

117 1339 334 1364 sermonem
356 1326 522 1363 instituit.

173 1391 375 1437 ‘Quaeso,'
414 1391 546 1439 inquit,
587 1389 842 1438 ‘Xenophon‚
888 1389 918 1426 si
964 1389 1106 1427 vicinus
1151 1397 1236 1428 tuus
1284 1403 1425 1439 equum

118 1457 313 1494 meliorem
334 1456 473 1493 habeat
494 1468 609 1505 quam
633 1463 718 1493 tuus
743 1462 819 1501 est;
862 1461 1018 1492 tuumne
1050 1467 1191 1505 equum
1224 1455 1344 1501 malis,
1377 1467 1425 1492 an
1446 1470 1482 1501 15

117 1522 212 1558 illius
225 1522 238 1558 ?
254 1521 262 1535 '

174 1586 317 1632 ‘Illius,'
340 1587 469 1635 inquit.

171 1651 298 1698 ‘Quid
318 1653 347 1689 si
369 1651 529 1688 fundum
550 1651 745 1689 meliorem
770 1650 907 1688 habeat
935 1662 1050 1700 quam
1077 1656 1116 1687 tu
1142 1648 1270 1692 habes,
1299 1656 1425 1687 utrum

117 1717 269 1755 tandem
292 1717 451 1753 fundum
472 1716 610 1754 habere
632 1717 740 1754 malis
756 1717 768 1753 ?
783 1717 791 1731 ’

171 1786 178 1801 ‘
197 1781 332 1828 Illum‚'
353 1782 485 1830 inquit,
508 1785 516 1800 ‘
533 1782 727 1818 meliorem
749 1778 914 1819 scilicet.’
1444 1798 1484 1819 20

170 1851 178 1866 ‘
196 1847 301 1894 Quid
322 1847 352 1884 si
373 1859 533 1884 uxorem
553 1847 749 1884 meliorem
769 1845 916 1892 habeat,
938 1857 1053 1895 quam
1083 1851 1121 1882 tu
1150 1844 1279 1891 habes,
1303 1851 1426 1883 utram

117 1913 274 1950 malis?’

126 1968 143 1974 ι’
170 1980 296 2030 Atque
317 1979 377 2016 hic
397 1979 618 2028 Xenophon
639 1990 791 2027 quoque
813 1977 892 2026 ipse
913 1977 1037 2015 tacuit.
1077 1976 1167 2014 Post
1187 1976 1370 2026 Aspasia:

171 2047 179 2062 ‘
197 2042 392 2089 Quoniam
419 2048 576 2090 uterque
604 2040 791 2086 vestrum‚’
820 2039 948 2088 inquit,
979 2039 1040 2076 ‘id
1069 2038 1159 2075 mihi
1194 2039 1317 2076 solum
1345 2050 1425 2076 non

117 2108 325 2157 respondit,
347 2107 451 2156 quod
472 2118 545 2154 ego
574 2106 697 2143 solum
724 2105 851 2143 audire
878 2104 1080 2150 volueram,
1107 2110 1260 2152 egomet
1289 2104 1422 2149 dicam,
1445 2120 1480 2152 25

116 2174 208 2224 quid
236 2180 393 2222 uterque
423 2173 572 2220 cogitet.
642 2170 743 2207 Nam
781 2176 817 2207 et
851 2176 890 2206 tu
921 2169 1054 2206 mulier
1086 2170 1275 2218 optimum
1306 2169 1425 2206 virum

117 2238 169 2274 vis
204 2236 353 2279 habere,
386 2241 422 2271 et
456 2241 495 2271 tu
527 2233 749 2283 Xenophon
797 2244 957 2269 uxorem
1001 2232 1138 2269 habere
1182 2232 1425 2270 lectissimam

117 2301 281 2338 maxime
324 2300 389 2336 vis.
475 2298 616 2345 Quare,
647 2299 719 2336 nisi
748 2298 822 2335 hoc
853 2297 1093 2346 perfeceritis,
1133 2303 1172 2334 ut
1210 2310 1333 2346 neque
1372 2297 1425 2334 vir

117 2367 259 2409 melior,
281 2377 405 2413 neque
425 2364 567 2401 femina
586 2363 716 2401 lectior
736 2363 774 2400 in
795 2363 900 2401 terris
921 2364 977 2406 sit,
999 2362 1171 2412 profecto
1199 2363 1237 2400 id
1263 2375 1424 2412 semper,
