1587 2533
128 98 211 140 216
471 108 717 140 EXTRAOTS
745 110 882 140 FROM
911 109 1088 140 CICERO.
1304 111 1380 142 sect.
1402 112 1441 142 v.

125 206 258 244 Asiam
297 206 485 245 liberasti!
542 207 707 251 Etenim,
741 208 771 245 si
808 221 907 246 unus
945 209 1065 246 homo
1103 209 1241 246 nobilis
1277 209 1442 258 queritur

125 271 253 319 palam
287 278 334 316 te,
370 272 475 320 quod
507 272 681 317 edixeris,
712 285 762 310 NE
791 286 841 310 AD
873 285 995 311 LUDOS
1026 284 1214 310 PECUNIAE
1251 286 1441 311 DECERNE-
1461 288 1525 321 290

126 347 295 380 RENTUR,
324 335 394 372 Hs
415 348 469 373 cc.
497 336 568 373 sibi
593 337 787 385 eripuisse,
809 345 952 387 quanta
978 338 1134 374 tandem
1168 339 1331 386 pecunia
1351 349 1442 386 pen-

128 400 288 445 deretur,
316 401 345 437 si
375 401 549 436 omnium
576 402 744 446 nomine,
772 403 1004 452 quicumque
1033 402 1183 439 Romae
1209 402 1320 439 ludos
1343 403 1443 439 face-

127 472 222 510 rent,
243 465 348 514 quod
369 472 447 501 erat
467 465 543 501 iam
564 465 786 512 institutum,
809 458 1052 516 erogaretur?
1111 466 1358 515 Quamquam
1374 467 1442 503 has

128 530 302 578 querelas
322 528 522 566 hominum
543 537 761 568 nostrorum
782 532 845 568 illo
865 532 1026 569 consilio
1047 532 1318 580 oppressimus,
1339 529 1444 580 quod

128 595 167 631 in
188 594 281 630 Asia
301 595 433 631 nescio
455 606 625 643 quonam
653 596 784 641 modo,
807 596 956 634 Romae
976 597 1133 646 quidem
1160 608 1240 633 non
1261 595 1445 633 mediocri
1467 610 1526 642 295

129 670 216 696 curn
237 658 488 696 admiratione
515 659 699 705 laudatur,
731 661 844 710 quod,
867 673 985 710 quum
1015 662 1063 699 ad
1093 661 1277 710 templum
1306 672 1446 697 monu-

128 730 377 772 mentumque
393 731 568 761 nostrum
588 724 754 762 civitates
769 726 949 774 pecunias
970 726 1236 771 decrevissent,
1250 736 1446 774 quumque

131 788 170 824 id
191 796 227 825 et
247 800 317 837 pro
337 788 433 825 meis
453 788 604 837 magnis
631 789 774 826 meritis
801 796 837 826 et
855 802 926 838 pro
947 791 1020 827 tuis
1047 790 1225 827 maximis
1251 788 1446 826 beneficiis

131 864 283 890 summa
311 865 379 890 sua
399 853 591 890 voluntate
612 853 798 899 fecissent,
827 855 1130 903 nominatimque
1160 854 1221 890 lex
1243 854 1445 901 exciperet,

130 930 182 956 UT
220 931 271 956 AD
309 930 496 956 TEMPLUM
534 931 582 956 ET
616 930 891 957 MONUMENTUM
925 931 1070 957 CAPERE
1100 930 1277 963 LICERET,
1309 929 1445 967 quum·
1466 935 1528 966 300

129 995 203 1032 que
234 984 273 1021 id
305 985 409 1033 quod
444 984 602 1021 dabatur
636 995 715 1020 non
746 991 845 1021 esset
879 985 1126 1029 interiturum,
1159 984 1228 1021 sed
1261 983 1299 1020 in
1333 995 1446 1020 orna-

129 1048 268 1086 mentis
307 1049 438 1098 templi
473 1049 649 1094 futurum,
681 1058 722 1086 ut
752 1061 832 1086 non
867 1049 958 1086 mihi
989 1049 1116 1098 potius
1151 1060 1266 1098 quam
1300 1048 1445 1097 populo

129 1113 312 1150 Romano
338 1126 382 1151 ac
408 1114 464 1151 dis
494 1114 770 1151 immortalibus
801 1115 931 1151 datum
951 1114 1147 1159 videretur,
1174 1120 1303 1149 tamen
1331 1113 1382 1157 id,
1407 1113 1445 1149 in

129 1190 208 1226 quo
247 1186 326 1215 erat
361 1179 536 1227 dignitas,
569 1184 647 1215 erat
681 1178 753 1224 lex,
786 1185 865 1216 erat
896 1191 1029 1216 eorum
1060 1179 1125 1228 qui
1159 1177 1348 1215 faciebant
1380 1189 1446 1215 vo-

129 1243 265 1288 luntas,
298 1243 564 1292 accipiendum
594 1255 673 1280 non
703 1244 842 1292 putavi,
868 1256 987 1293 quum
1016 1243 1097 1281 aliis
1126 1243 1174 1281 de
1204 1243 1338 1287 causis,
1365 1248 1446 1279 tum
1465 1258 1528 1290 305

129 1308 245 1345 etiam
264 1315 305 1345 ut
325 1308 453 1345 animo
481 1308 660 1358 aequiore
680 1308 818 1346 ferrent
847 1309 882 1354 ii,
904 1309 1042 1357 quibus
1063 1320 1134 1346 nec
1156 1308 1356 1346 deberetur
1375 1319 1447 1345 nec

129 1374 268 1412 liceret.
326 1373 571 1424 Quapropter
598 1375 778 1412 incumbe
802 1381 883 1412 toto
903 1375 1032 1412 animo
1059 1382 1098 1412 et
1125 1374 1249 1412 studio
1276 1374 1383 1411 omni
1408 1374 1447 1410 in

129 1452 214 1478 eam
244 1441 430 1478 rationem
464 1452 540 1490 qua
569 1440 693 1478 adhuc
723 1453 814 1478 usus
849 1453 900 1486 es,
931 1447 972 1478 ut
1004 1452 1084 1486 eos,
1114 1452 1212 1489 quos
1241 1446 1327 1477 tuae
1357 1439 1445 1477 fidei

129 1506 386 1556 potestatique
410 1512 564 1543 senatus
589 1505 832 1555 populusque
865 1505 1066 1543 Romanus
1094 1505 1286 1543 commisit
1309 1510 1346 1542 et
1366 1517 1445 1543 cre—

130 1572 233 1617 didit,
255 1571 390 1620 diligas
411 1578 447 1608 et
467 1571 573 1607 omni
595 1571 741 1607 ratione
762 1578 891 1608 tueare
912 1577 949 1608 et
969 1583 1054 1608 esse
1074 1583 1190 1620 quam
1203 1570 1446 1607 beatissimos
1464 1586 1529 1618 310

128 1637 229 1675 velis.
287 1636 405 1683 Quod
435 1636 466 1673 si
487 1643 523 1673 te
554 1647 636 1673 sors
663 1636 765 1673 Afris
790 1643 852 1673 aut
883 1635 1070 1685 Hispanis
1099 1642 1163 1672 aut
1193 1634 1313 1672 Gallis
1339 1647 1447 1684 prae-

128 1702 291 1747 fecisset,
321 1700 550 1738 immanibus
574 1712 619 1738 ac
644 1701 814 1738 barbaris
839 1701 1069 1746 nationibus,
1097 1706 1226 1737 tamen
1253 1707 1352 1737 esset
1378 1700 1446 1737 hu-

128 1767 321 1804 manitatis
341 1772 428 1802 tuae
444 1765 643 1802 consulere
659 1777 792 1802 eorum
807 1765 1021 1803 commodis
1038 1771 1075 1802 et
1089 1765 1239 1802 utilitati
1260 1764 1446 1813 salutique

130 1833 279 1869 servire.
338 1830 469 1877 Quum
502 1842 592 1867 vero
631 1831 665 1867 ei
699 1829 830 1878 generi
864 1829 1065 1866 hominum
1103 1830 1325 1878 praesimus,
1364 1841 1445 1866 non

129 1896 248 1934 modo
275 1896 313 1932 in
334 1907 412 1944 quo
440 1896 523 1944 ipsa
550 1895 607 1940 sit,
636 1895 702 1932 sed
730 1895 843 1932 etiam
871 1907 893 1931 a
919 1906 996 1943 quo
1026 1894 1074 1931 ad
1104 1894 1198 1931 alios
1227 1894 1444 1943 pervenisse
1465 1908 1526 1939 3¹5

129 1969 281 2012 putetur
300 1961 527 2006 humanitas,
562 1967 663 1997 certe
695 1960 746 2012 ,iis
785 1972 869 1997 eam
903 1960 1147 2009 potissimum
1181 1959 1344 1996 tribuere
1379 1959 1444 1996 de-

129 2028 277 2071 bemus,
307 2038 329 2063 a
349 2026 486 2075 quibus
514 2025 744 2074 accepimus.
801 2024 893 2062 Non
914 2025 1017 2062 enim
1036 2037 1098 2062 me
1125 2024 1200 2061 hoc
1220 2024 1296 2060 iam
1317 2023 1444 2061 dicere

129 2091 298 2141 pudebit,
328 2090 550 2140 praesertim
579 2091 618 2126 in
648 2102 693 2127 ea
715 2090 790 2126 vita
820 2096 934 2138 atque
963 2089 1001 2126 in
1031 2089 1076 2125 iis
1104 2089 1217 2126 rebus
1247 2089 1375 2137 gestis,
1404 2089 1444 2125 in

130 2157 270 2206 quibus
290 2167 371 2192 non
392 2161 519 2204 potest
538 2155 701 2191 residere
721 2155 878 2191 ineltiae
899 2161 963 2191 aut
982 2154 1142 2191 levitatis
1162 2153 1238 2190 ulla
1265 2153 1443 2202 suspicio,

129 2233 203 2259 nos
237 2233 293 2264 ea,
323 2231 422 2268 quae
451 2219 647 2256 consecuti
678 2231 820 2263 sumus,
850 2218 894 2256 iis
933 2219 1064 2255 studiis
1103 2225 1139 2255 et
1178 2218 1320 2255 artibus
1360 2229 1445 2255 esse
1465 2230 1528 2261 320

131 2287 303 2335 adeptos,
325 2296 421 2334 quae
443 2284 517 2320 sint
537 2284 650 2320 nobis
671 2282 856 2320 Graeciae
876 2283 1137 2320 monumentis
1159 2283 1443 2331 disciplinisque

129 2352 277 2390 tradita.
335 2349 466 2397 Quare
501 2355 650 2399 praeter
689 2359 936 2385 communem
969 2348 1098 2393 fidem,
1134 2359 1233 2397 quae
1266 2347 1445 2385 omnibus
