1587 2533
149 121 229 163 134
505 116 748 146 EXTRACTS
777 116 911 145 FROM
940 116 1116 146 CICERO.
1293 116 1372 147 sect.
1395 114 1455 146 111.

146 214 350 259 prosperus
385 216 421 247 et
459 209 630 246 salutaris
662 209 722 246 ille
768 209 902 257 fulgor,
946 210 1010 258 qui
1049 209 1183 246 dicitur
1219 207 1345 246 Iovis:
1375 215 1456 243 turn

148 276 277 312 rutilus
309 275 571 322 horribilisque
606 275 724 319 terris,
760 286 874 322 quem
913 274 1095 311 Martium
1134 274 1280 310 dicitis:
1320 272 1456 309 deinde

149 341 275 377 subter
304 339 471 376 mediam
500 339 577 374 fere
606 339 807 386 regionem
838 339 895 375 sol
924 338 1080 383 obtinet,
1112 338 1188 374 dux
1217 344 1254 374 et
1281 337 1457 386 princeps

147 412 184 441 et
213 404 431 441 moderator
468 403 653 439 luminum
691 404 931 452 reliquorum,
970 415 1080 440 mens
1118 402 1252 439 mundi
1290 409 1326 438 et
1363 407 1457 437 tem-

149 469 306 517 peratio,
342 474 445 504 tanta
479 467 753 515 magnitudine,
788 474 828 504 ut
857 475 994 504 cuncta
1023 479 1091 504 sua
1119 467 1202 504 luce
1233 467 1388 503 illustret
1422 471 1458 502 et

149 534 350 582 compleat.
408 532 526 569 Hunc
557 540 597 570 ut
635 533 794 569 comites
832 539 1118 581 consequuntur
1155 531 1315 568 Veneris
1354 530 1457 574 alter,

150 599 242 635 alter
280 597 458 634 Mercurii
512 609 666 634 cursus:
715 597 753 634 in
791 597 1000 646 infimoque
1044 598 1136 634 orbe
1185 596 1305 636 Luna,
1345 594 1458 632 radiis

150 663 239 699 solis
287 674 460 707 accensa,
510 662 748 698 convertitur.
818 661 921 699 Infra
973 669 1099 700 autern
1149 661 1225 698 iam
1270 659 1361 696 nihil
1402 664 1458 695 est

149 728 221 764 nisi
251 727 410 763 mortale
439 733 475 764 et
510 726 708 771 caducum,
739 733 887 775 praeter
919 728 1069 764 animos
1102 738 1260 763 munere
1300 725 1458 762 deorum

150 792 350 828 hominum
379 791 510 839 generi
539 791 674 828 datos:
713 803 826 839 supra
846 791 974 828 lunam
1013 798 1100 828 sunt
1129 797 1282 827 aeterna
1309 788 1459 826 omnia:

152 869 242 893 nam
272 868 327 901 ea,
357 868 455 904 quae
484 862 541 893 est
570 857 696 893 media
725 862 761 893 et
790 869 903 901 nona,
931 857 1040 893 tellus
1070 868 1194 904 neque
1223 861 1396 891 movetur
1423 860 1461 890 et

151 922 281 958 infima
301 928 368 966 est,
391 928 427 958 et
446 921 485 957 in
505 933 590 958 eam
611 921 781 958 feruntur
800 922 931 958 onmia
951 929 1046 958 nutu
1066 933 1135 958 suo
1156 919 1351 970 pondera.’

205 994 245 1026 9.
276 987 387 1034 Quae
422 1000 539 1036 quum
570 989 733 1025 intuerer
767 995 935 1036 stupens,
966 995 1007 1024 ut
1035 1000 1097 1024 me
1131 987 1268 1035 recepi,
1304 990 1312 1005 ‘
1331 986 1460 1032 Quid?

148 1053 232 1098 hic,'
264 1053 431 1101 inquam,
459 1053 568 1101 ‘quis
598 1061 664 1097 est,
695 1054 758 1101 qui
788 1054 954 1102 complet
983 1064 1092 1089 aures
1121 1064 1239 1096 meas,
1270 1058 1395 1088 tantus
1424 1057 1461 1088 et

149 1125 226 1155 tam
243 1118 363 1154 dulcis
381 1129 497 1154 sonus
514 1119 526 1155 ?
543 1117 551 1132 '
609 1121 617 1136 ‘
633 1117 709 1154 Hic
726 1118 805 1162 est,'
820 1119 941 1166 inquit
961 1118 1032 1162 ille,
1051 1117 1132 1165 ‘qui
1153 1116 1353 1153 intervallis
1369 1127 1460 1153 con-

152 1185 301 1220 iunctus
335 1182 553 1231 imparibus,
584 1182 652 1219 sed
681 1188 810 1218 tamen
844 1194 913 1231 pro
946 1188 1026 1218 rata
1063 1187 1168 1229 parte
1205 1181 1349 1217 ratione
1388 1180 1461 1218 dis-

152 1248 289 1292 tinctis,
337 1247 502 1295 impulsu
547 1253 584 1283 et
626 1255 734 1283 motu
771 1247 943 1294 ipsorum
990 1246 1139 1283 orbium
1180 1245 1378 1282 conficitur
1415 1252 1461 1287 et,

153 1319 264 1349 acuta
302 1324 390 1348 cum
436 1312 611 1360 gravibus
656 1319 883 1360 temperans,
923 1312 1046 1347 varios
1090 1310 1333 1359 aequabiliter
1370 1322 1463 1346 con-

154 1385 288 1414 centus
340 1376 474 1413 efficit:
522 1388 594 1413 nec
642 1377 745 1413 enim
797 1376 946 1414 silentio
994 1375 1087 1412 tanti
1143 1381 1270 1412 motus
1319 1375 1464 1411 incitari

150 1448 323 1491 possunt,
355 1449 391 1478 et
421 1448 554 1478 natura
583 1441 654 1478 fert
682 1449 722 1478 ut
752 1448 921 1478 extrema
945 1453 991 1478 ex
1021 1441 1136 1477 altera
1156 1447 1261 1488 parte
1290 1441 1463 1489 graviter,

150 1520 196 1544 ex
229 1507 345 1543 altera
365 1513 492 1543 autem
521 1513 629 1543 acute
660 1513 809 1543 sonent.
868 1505 997 1551 Quam
1027 1506 1077 1542 ob
1107 1517 1261 1542 causam
1292 1516 1464 1541 summus

150 1573 211 1610 ille
246 1572 339 1609 caeli
379 1571 530 1608 stellifer
570 1584 714 1617 cursus,
753 1572 859 1608 cuius
898 1572 1095 1607 conversio
1134 1577 1190 1607 est
1229 1570 1462 1614 concitatior,

152 1645 264 1674 acuto
303 1643 340 1673 et
379 1637 543 1673 excitato
595 1643 768 1673 movetur
806 1648 914 1681 sono,
953 1636 1176 1683 gravissimo
1228 1642 1355 1671 autem
1401 1634 1464 1670 hic

151 1702 291 1739 lunaris
321 1708 434 1750 atque
464 1701 636 1738 infimus:
676 1713 766 1737 narn
799 1708 896 1737 terra
926 1712 1030 1736 nona
1060 1699 1263 1736 immobilis
1301 1711 1462 1736 manens

153 1767 228 1802 ima
259 1766 350 1803 sede
385 1777 535 1814 semper
564 1765 703 1811 haeret,
734 1765 935 1813 complexa
963 1765 1132 1801 medium
1161 1764 1295 1801 mundi
1323 1764 1461 1801 locum.

151 1831 207 1867 Illi
243 1837 369 1867 autem
404 1837 492 1867 octo
524 1842 666 1875 cursus,
701 1830 739 1866 in
774 1830 909 1877 quibus
942 1829 1077 1866 eadem
1110 1829 1166 1865 vis
1197 1836 1253 1865 est
1288 1830 1462 1874 duorum,

151 1902 299 1943 septem
334 1894 500 1931 efficiunt
533 1894 729 1931 distinctos
767 1893 968 1930 intervallis
1004 1905 1144 1930 sonos:
1184 1893 1248 1941 qui
1281 1906 1463 1931 numerus

154 1972 279 1996 rerum
308 1960 480 1996 omnium
510 1959 587 1996 fere
622 1959 747 1995 nodus
776 1965 854 1994 est:
894 1958 997 2006 quod
1030 1957 1130 1994 docti
1164 1957 1340 1995 homines
1377 1971 1463 1997 ner-

150 2025 205 2062 vis
243 2025 378 2061 imitati
413 2031 526 2072 atque
557 2023 742 2067 cantibus,
775 2034 957 2071 aperuere
993 2021 1061 2058 sibi
1095 2022 1257 2058 reditum
1292 2023 1331 2059 in
1360 2023 1462 2061 hunc

150 2089 291 2135 locum,
323 2089 417 2125 sicut
446 2089 518 2134 alii,
540 2088 604 2136 qui
625 2087 903 2136 praestantibus
932 2086 1095 2134 ingeniis
1124 2087 1163 2123 in
1190 2087 1266 2123 vita
1294 2088 1462 2127 humana

151 2154 277 2189 divina
306 2153 430 2190 studia
459 2153 668 2190 coluerunt.
728 2151 818 2189 Hoc
849 2151 973 2188 sonitu
996 2151 1173 2199 oppletae
1199 2163 1309 2189 aures
1337 2152 1461 2191 homi—

152 2229 244 2254 num
275 2217 576 2254 obsurduerunt:
607 2229 678 2253 nec
707 2222 764 2253 est
792 2216 889 2253 ullus
918 2215 1087 2252 hebetior
1114 2229 1246 2254 sensus
1275 2217 1314 2253 in
1342 2218 1460 2264 vobis,

153 2281 258 2326 sicut,
287 2281 352 2317 ubi
381 2280 492 2318 Nilus
523 2281 573 2317 ad
604 2280 674 2325 illa,
709 2292 806 2328 quae
837 2279 1036 2328 Catadupa
1065 2281 1320 2327 nominantur,
1350 2293 1461 2330 prae-

152 2347 282 2394 cipitat
311 2358 357 2383 ex
387 2345 577 2383 altissimis
606 2346 812 2390 montibus,
843 2357 887 2381 ea
920 2357 1026 2393 gens,
1062 2357 1160 2394 quae
1194 2345 1298 2382 illurn
1332 2346 1460 2384 locum

1479 478 1538 509 115

1481 807 1542 828 120

1483 1128 1540 1159 125

1487 1455 1547 1484 130

1485 2101 1546 2131 140
