1587 2533
63 425 105 455 80

65 1081 107 1112 90

67 1402 106 1433 95

47 1731 108 1753 100

51 2061 108 2093 ¹05

54 2383 114 2406 110

123 119 200 150 sect.
222 119 284 150 111.
573 107 768 148 SCIPIO'S
797 117 977 148 DREAM.
1362 124 1408 165 13
1415 124 1440 165 3

122 218 163 254 in
193 217 268 255 hoc
300 217 444 266 templo
478 217 649 254 medium
679 216 794 262 vides,
834 229 932 266 quae
971 223 1069 254 terra
1107 216 1266 254 dicitur:
1305 214 1440 266 hisque

123 282 274 319 animus
303 282 413 319 datus
441 289 499 319 est
529 294 576 319 ex
609 281 680 318 illis
715 281 956 330 sempiternis
988 282 1155 330 ignibus,
1186 294 1285 331 quae
1319 282 1442 319 sidera

122 356 160 386 et
192 349 317 386 stellas
351 348 519 395 vocatis3
549 359 647 396 quae
675 347 859 396 globosae
889 354 927 384 et
955 347 1154 392 rotundae,
1190 347 1326 385 divinis
1361 349 1441 384 ani-

123 420 246 450 matae
275 413 479 458 mentibus,
509 413 631 450 circos
658 424 748 449 suos
783 413 974 462 orbesque
1005 412 1214 450 conficiunt
1252 412 1441 450 celeritate

122 477 294 515 mirabili.
351 477 481 523 Quare
515 484 553 514 et
581 477 658 523 tibi,
691 477 811 523 Publi,
842 485 879 514 et
908 478 978 526 piis
1009 477 1191 514 omnibus
1220 477 1441 514 retinendus

122 551 180 583 est
207 545 358 582 animus
388 544 426 580 in
457 544 631 581 custodia
661 543 859 592 corporis:
893 556 965 580 nec
995 544 1142 580 iniussu
1180 544 1272 589 eius,
1307 555 1329 580 a
1363 555 1441 593 quo

121 610 182 648 ille
211 617 268 647 est
300 609 410 646 vobis
442 610 562 654 datus,
593 620 639 645 ex
674 608 878 645 hominurn
908 609 984 645 vita
1017 609 1263 658 migrandum
1294 616 1362 654 est,
1391 620 1440 645 ne

122 687 263 712 munus
295 675 508 711 humanum
541 674 779 722 assignatum
817 686 840 710 a
879 673 953 711 deo
993 673 1187 723 defugisse
1224 674 1441 712 videamini.

92 758 102 764 -
125 740 201 778 Sed
239 740 303 786 sic,
337 739 477 788 Scipio,
516 745 557 776 ut
588 751 679 775 avus
710 738 771 776 hic
809 745 907 784 tuus,
943 746 984 776 ut
1022 751 1108 788 ego,
1145 740 1210 787 qui
1243 746 1278 776 te
1312 740 1439 788 genui,

123 806 302 844 iustitiam
351 804 433 842 cole
472 810 509 841 et
560 804 767 853 pietatem:
815 815 914 852 quae
966 816 1084 853 quum
1135 804 1182 841 sit
1221 817 1363 852 magna
1400 805 1439 841 in

123 871 344 921 parentibus
383 875 420 907 et
456 869 694 918 propinquis,
730 875 812 906 tum
846 869 885 905 in
924 869 1045 918 patria
1082 869 1250 905 maxima
1289 876 1366 906 est:
1397 881 1443 906 ea

124 937 199 973 vita
235 936 294 972 via
331 941 388 971 est
424 935 464 971 in
503 934 652 972 caelum
691 940 728 971 et
764 935 804 971 in
842 934 945 971 hunc
995 941 1148 971 coetum
1194 946 1329 971 eorum
1377 934 1442 983 qui

124 1002 200 1039 iam
228 1001 412 1045 vixerunt,
433 1006 469 1037 et
498 1011 661 1050 corpore
690 999 805 1036 laxati
833 1000 938 1036 illum
967 999 1139 1036 incolunt
1165 999 1306 1044 locum,
1327 1011 1444 1048 quem

124 1065 273 1104 vides:'
303 1074 382 1102 erat
407 1072 534 1102 autem
561 1065 593 1102 is
617 1064 927 1113 splendidissimo
949 1064 1114 1101 candore
1142 1064 1240 1101 inter
1269 1064 1444 1101 flammas

125 1131 281 1169 elucens
314 1131 447 1176 circus,
479 1142 595 1179 quem
634 1142 713 1175 vos,
754 1137 795 1167 ut
832 1142 855 1166 a
894 1129 1019 1167 Graiis
1057 1130 1270 1178 accepistis,
1310 1129 1446 1166 orbern

125 1197 291 1234 lacteum
339 1195 592 1244 nuncupatis:
633 1208 680 1232 ex
732 1207 810 1244 quo
860 1195 991 1232 omnia
1037 1195 1130 1231 mihi
1168 1194 1445 1244 contemplanti

126 1261 320 1311 praeclara
347 1267 473 1298 cetera
500 1267 537 1297 et
566 1260 752 1296 mirabilia
778 1260 1013 1297 videbantur.
1072 1259 1192 1297 Erant
1220 1267 1348 1297 autem
1377 1272 1446 1297 eae

127 1326 267 1372 stellae,
297 1337 392 1375 quas
421 1337 634 1374 numquam
663 1337 711 1362 ex
740 1325 814 1363 hoc
843 1325 929 1362 loco
950 1325 1123 1371 vidimus,
1146 1332 1184 1362 et
1211 1337 1278 1362 eae
1298 1326 1446 1375 magni-

128 1391 279 1429 tudines
316 1390 502 1436 omnium,
542 1402 638 1440 quas
677 1403 762 1428 esse
807 1402 1020 1439 numquam
1067 1391 1248 1440 suspicati
1287 1402 1445 1427 sumus:

128 1469 177 1494 ex
214 1457 353 1505 quibus
390 1462 469 1492 erat
514 1455 575 1492 illa
617 1456 789 1502 minima,
828 1468 926 1505 quae
978 1456 1111 1493 ultima
1163 1455 1281 1501 caelo,
1320 1456 1448 1492 citima

129 1522 247 1568 terris,
278 1521 362 1558 luce
396 1520 548 1558 lucebat
580 1521 714 1558 aliena.
773 1520 976 1558 Stellarum
1015 1529 1143 1558 autem
1182 1521 1287 1570 globi
1326 1527 1447 1558 terrae

128 1586 435 1636 magnitudinem
466 1585 576 1624 facile
609 1586 825 1623 vincebant.
883 1586 968 1623 Iam
1006 1587 1090 1636 ipsa
1128 1594 1227 1624 terra
1266 1586 1316 1623 ita
1354 1585 1448 1622 mihi

128 1663 246 1701 parva
280 1652 361 1688 visa
393 1657 462 1696 est,
495 1658 538 1688 ut
567 1660 630 1687 me
664 1651 813 1700 imperii
844 1652 976 1697 nostri,
1009 1663 1087 1700 quo
1121 1652 1231 1701 quasi
1262 1658 1449 1700 punctum

127 1717 208 1754 eius
228 1716 459 1765 attingimus,
479 1716 701 1765 poeniteret.
1018 1765 1021 1768 .

183 1786 221 1819 8.
252 1781 381 1828 Quam
394 1794 515 1831 quum
533 1782 658 1830 magis
677 1782 855 1828 intuerer,
872 1785 881 1801 ‘
896 1781 1079 1828 Quaeso,'
1094 1782 1217 1831 inquit
1228 1781 1447 1827 Africanus,

125 1850 354 1896 ‘quousque
401 1847 507 1884 humi
541 1846 669 1884 defixa
706 1854 772 1884 tua
809 1859 919 1885 mens
959 1848 1056 1884 erit?
1113 1846 1258 1885 Nonne
1296 1848 1447 1896 aspicis,

125 1924 224 1962 quae
254 1912 294 1949 in
332 1912 477 1961 templa
505 1913 683 1950 veneris?
741 1912 893 1950 Novem
933 1913 999 1951 tibi
1039 1913 1197 1950 orbibus
1229 1913 1287 1950 vel
1321 1913 1449 1962 potius

126 1978 252 2028 globis
290 1989 468 2014 connexa
506 1984 593 2014 sunt
631 1978 786 2015 omnia:
826 1989 991 2027 quorum
1029 1990 1128 2015 unus
1167 1986 1224 2016 est
1263 1979 1448 2024 caelestis,

127 2043 303 2088 extimus,
342 2043 407 2092 qui
445 2042 612 2092 reliquos
650 2054 788 2080 omnes
837 2043 1113 2091 complectitur,
1154 2056 1328 2082 summus
1367 2044 1450 2093 ipse

128 2108 235 2154 deus,
270 2119 406 2144 arcens
434 2113 472 2145 et
500 2107 705 2146 continens
745 2115 915 2145 ceteros:
954 2108 994 2144 in
1024 2120 1102 2157 quo
1134 2109 1239 2146 infixi
1274 2117 1362 2146 sunt
1401 2109 1450 2145 illi

129 2173 195 2222 qui
238 2173 439 2210 volvuntur
486 2172 679 2210 stellarum
726 2184 859 2210 cursus
899 2173 1142 2222 sempiterni:
1192 2174 1252 2211 cui
1291 2174 1451 2211 subiecti

130 2244 222 2276 sunt
268 2244 428 2286 septem,
467 2237 532 2287 qui
570 2244 766 2275 versantur
813 2245 912 2275 retro
951 2239 1143 2276 contrario
1191 2246 1300 2276 motu
1337 2247 1451 2288 atque

132 2303 301 2350 eaelum;
341 2314 362 2340 e
396 2303 534 2352 quibus
571 2315 693 2340 unum
729 2303 889 2352 globum
927 2304 1099 2353 possidet
1146 2304 1219 2350 illa,
1259 2317 1376 2354 quarn
1413 2305 1451 2341 in

132 2368 240 2406 terris
288 2366 504 2406 Saturniam
542 2367 763 2406 nominant:
813 2368 950 2405 deinde
989 2375 1045 2407 est
1084 2369 1285 2407 hominurn
1322 2370 1452 2418 generi
