1587 2533
119 100 199 153 236
462 105 710 137 EXTRACTS
738 105 874 136 FRoM
901 105 1080 136 CICERO.
1292 106 1369 137 sect.
1390 104 1430 136 v.

117 207 203 245 dico
223 208 368 256 nuper?
398 207 516 244 immo
536 219 624 244 vero
645 206 763 243 modo
791 218 835 243 ae
862 205 975 254 plane
1001 204 1130 253 paullo
1151 209 1236 241 ante
1256 204 1428 248 vidimus,

118 273 182 321 qui
210 273 334 310 forum
364 285 408 309 ac
436 272 608 308 basilicas
637 282 716 307 non
745 270 873 319 spoliis
902 270 1192 319 provinciarum,
1222 269 1290 306 sed
1318 281 1429 306 orna-

120 338 257 374 mentis
287 337 518 382 amicorum3
559 335 773 373 commodis
802 335 1008 383 hospitum,
1039 346 1119 371 non
1148 333 1253 370 furtis
1286 345 1429 370 nocen-

117 403 222 447 tium,
244 409 443 438 ornarent:
474 400 538 449 qui
558 407 686 442 tamen
707 400 816 448 signa
836 407 948 448 atque
966 405 1192 436 ornamenta
1212 410 1279 435 sua
1294 398 1429 447 cuique

117 467 339 511 reddebant,
360 477 438 502 non
466 465 590 502 ablata
616 477 662 501 ex
688 465 843 501 urbibus
871 464 1073 508 sociorum,
1095 463 1283 511 quatridui
1303 475 1428 507 causa,
1449 475 1487 505 45

117 543 184 580 per
214 530 493 567 simulationem
524 529 732 574 aedilitatis,
763 529 921 566 domum
957 527 1094 564 deinde
1124 534 1237 575 atque
1267 527 1315 564 ad
1345 539 1431 564 suas

117 597 221 633 villas
250 595 483 633 auferebant.
540 594 651 632 Haec
678 595 809 631 omnia
835 606 932 643 quae
961 593 1037 630 dixi
1064 593 1184 641 signa,
1207 593 1362 638 iudices,
1383 593 1430 629 ab

118 663 222 699 Heio
253 662 300 699 de
330 661 490 698 sacrario
520 660 659 697 Verres
688 659 865 697 abstulit:
905 659 1062 704 nullum,
1092 658 1259 707 inquam,
1294 657 1430 695 horum

117 727 277 776 reliquit,
307 738 432 775 neque
466 725 568 762 aliud
600 724 719 761 ullum
752 731 892 768 tamen,
923 729 1071 772 praeter
1103 735 1223 759 unum
1257 730 1430 772 pervetus

118 793 297 841 ligneum,
327 791 477 828 Bonam
514 790 736 836 Fortunam,
765 797 806 826 ut
843 789 990 838 opinor.
1048 787 1147 825 Eam
1183 788 1251 825 iste
1291 788 1430 826 habere
1450 800 1492 831 50

118 858 223 895 domi
244 869 335 894 suae
355 856 486 893 noluit.

174 936 207 971 3.
238 922 311 959 Pro
333 922 446 958 deum
473 921 749 970 hominumque
771 919 906 957 fidem!
937 919 1029 969 quid
1052 919 1127 957 hoc
1147 920 1228 958 est?
1258 932 1355 969 quae
1376 928 1432 958 est

117 988 212 1025 haec
239 987 378 1024 causa?
413 998 511 1035 quae
541 985 635 1022 haec
664 985 900 1034 impudentia
927 986 1007 1023 est?
1065 984 1176 1031 Quae
1198 986 1284 1022 dico
1311 986 1430 1034 signa,

118 1061 325 1102 antequam
347 1051 414 1088 abs
434 1057 469 1087 te
491 1050 637 1087 sublata
658 1056 755 1095 sunt,
777 1049 999 1086 Messanam
1020 1061 1107 1087 cum
1133 1050 1295 1098 imperio
1316 1063 1431 1088 nemo

118 1118 229 1162 venit,
251 1117 343 1165 quin
363 1116 503 1153 viderit.
552 1115 631 1152 Tot
650 1122 853 1163 praetores,
870 1120 925 1151 tot
940 1114 1118 1151 consules
1139 1114 1178 1150 in
1199 1114 1335 1160 Sicilia,
1353 1122 1433 1153 tum
1452 1129 1468 1160 5
1474 1128 1490 1160 5

119 1183 156 1218 in
186 1194 293 1231 pace,
315 1188 394 1218 tum
424 1182 538 1218 etiam
567 1180 606 1217 in
635 1180 735 1216 bello
760 1179 931 1225 fuerunt;
960 1184 1016 1216 tot
1045 1178 1221 1216 homines
1251 1180 1432 1230 cuiusque

118 1247 244 1293 modi;
280 1258 360 1283 non
388 1246 525 1295 loquor
555 1245 602 1282 de
632 1244 800 1293 integris,
831 1244 1111 1289 innocentibus,
1141 1244 1347 1293 religiosis:
1378 1253 1434 1284 tot

119 1313 259 1360 cupidi,
294 1319 350 1349 tot
383 1311 559 1360 improbi,
595 1317 652 1347 tot
685 1310 872 1346 audaces:
911 1321 1076 1358 quorum
1109 1321 1225 1346 nemo
1259 1311 1329 1347 sibi
1358 1317 1434 1349 tam

118 1377 336 1422 vehemens,
366 1383 443 1413 tam
482 1382 633 1424 potens,
663 1382 740 1412 tam
780 1374 918 1411 nobilis
956 1374 1057 1411 visus
1096 1381 1163 1420 est,
1193 1376 1257 1424 qui
1291 1389 1339 1413 ex
1373 1376 1436 1414 illo

119 1443 283 1480 sacrario
306 1442 515 1491 quidquam
536 1452 694 1490 poscere
722 1447 785 1476 aut
807 1440 938 1477 tollere
967 1446 1031 1476 aut
1057 1440 1241 1488 attingere
1269 1442 1433 1479 auderet.
1454 1447 1495 1479 60

119 1507 269 1552 Verres,
286 1507 391 1556 quod
411 1506 551 1554 ubique
572 1505 640 1541 erit
660 1504 967 1554 pulcherrimum,
990 1504 1157 1542 auferet?
1186 1505 1276 1542 nihil
1297 1506 1436 1544 habere

119 1579 314 1622 praeterea
335 1573 514 1621 cuiquam
534 1571 685 1607 licebit?
715 1577 772 1607 tot
792 1569 929 1606 domus
950 1569 1271 1618 locupletissimas
1299 1571 1437 1621 domus

120 1639 226 1675 istius
255 1651 332 1675 una
361 1637 509 1686 capiet?
549 1636 691 1674 idcirco
725 1647 840 1672 nemo
870 1636 1107 1684 superiorum
1137 1636 1269 1683 attigit,
1300 1644 1340 1673 ut
1369 1638 1437 1676 iste

119 1704 290 1741 tolleret?
320 1703 405 1740 ideo
423 1702 466 1740 C.
485 1701 666 1739 Claudius
688 1700 849 1738 Pulcher
869 1700 1003 1746 retulit,
1020 1706 1060 1737 ut
1081 1699 1123 1737 C.
1146 1700 1286 1738 Verres
1306 1710 1437 1750 posset

118 1769 290 1806 auferre?
1455 1773 1495 1813 65

176 1849 209 1878 4.
242 1833 318 1870 Sed
355 1832 446 1882 quid
485 1844 558 1881 ego
587 1837 666 1869 tam
698 1830 942 1868 vehementer
979 1829 1162 1868 invehor?
1205 1832 1321 1868 verbo
1358 1844 1437 1870 uno

120 1899 289 1948 repellar.
350 1897 481 1943 ‘Emi,5
529 1898 662 1947 inquit.
720 1896 755 1934 O
806 1895 856 1933 dii
902 1895 1155 1933 immortales!
1204 1897 1437 1945 praeclaram

123 1964 407 2002 defensionem!
465 1962 723 2000 Mercatorem
762 1972 849 1997 cum
888 1960 1048 2008 imperio
1083 1973 1128 1998 ac
1167 1962 1363 1999 securibus
1400 1963 1439 2000 in

122 2030 355 2080 provinciam
384 2030 569 2073 misimus,
591 2028 719 2064 onmia
747 2026 813 2074 qui
843 2025 962 2073 signa,
989 2025 1134 2062 tabulas
1164 2026 1296 2074 pictas,
1325 2039 1439 2064 omne

123 2099 333 2141 argentum,
369 2103 513 2136 aurum,
544 2091 648 2135 ebur,
687 2099 860 2138 gemmas
899 2092 1101 2132 co'e'meret,
1135 2087 1228 2124 nihil
1261 2089 1439 2137 cuiquam
1459 2093 1498 2127 70

122 2157 372 2207 relinqueret!
444 2155 553 2192 Haec
583 2155 683 2192 enim
714 2153 805 2190 mihi
835 2152 884 2189 ad
912 2152 1042 2188 omnia
1072 2152 1243 2190 defensio
1272 2155 1440 2201 patefieri

122 2223 279 2268 videtur,
301 2222 448 2259 emisse.
507 2220 687 2264 Primum,
710 2220 740 2256 si
767 2219 805 2256 id
831 2218 937 2267 quod
962 2217 1016 2254 vis
1036 2217 1101 2254 tibi
1122 2230 1195 2266 ego
1216 2220 1439 2271 concedam,

124 2297 164 2327 ut
193 2288 340 2332 emeris,
362 2287 543 2336 quoniam
572 2286 611 2322 in
637 2291 716 2322 toto
747 2286 820 2322 hoc
848 2297 988 2334 genere
1017 2284 1088 2320 hac
1115 2296 1191 2320 una
1219 2284 1440 2323 defensione

125 2367 261 2392 usurus
282 2365 344 2390 es:
374 2363 528 2402 quaero,
551 2351 764 2388 cuiusmodi
791 2356 833 2387 tu
851 2349 988 2388 iudicia
1009 2348 1159 2386 Rornae
1180 2350 1324 2398 putaris
1345 2362 1440 2397 esse,
