1587 2533
71 810 111 832 20

65 1468 108 1498 30

67 1791 105 1822 35

132 116 229 157 Chap.
250 115 289 148 V.
532 115 687 146 OMENS
716 115 816 145 ANI)
847 115 1050 147 DREAMS.
1371 118 1445 159 123

132 215 187 253 M.
208 215 410 261 Catonem,
433 217 497 265 qui
527 223 609 253 tum
629 216 680 252 ibi
701 223 819 261 erant,
842 216 978 253 doctos
995 215 1184 256 homines,
1205 214 1450 251 vehementer

131 293 215 318 esse
234 282 477 330 perterritos:
508 282 638 330 paucis
660 293 751 318 sane
771 288 857 329 post
881 281 1016 317 diebus
1038 292 1085 317 ex
1115 279 1333 316 Pharsalica
1357 279 1449 327 fuga

131 348 278 384 venisse
310 346 546 383 Labienum:
589 346 654 395 qui
685 358 804 394 quum
837 346 1029 382 interitum
1068 346 1256 382 exercitus
1295 345 1447 382 nuntia-

132 411 254 456 visset,
274 411 418 459 reliqua
436 411 712 448 vaticinationis
731 411 834 447 brevi
856 423 940 448 esse
968 410 1155 448 confecta.
1213 409 1315 446 Nam
1340 416 1376 447 et
1403 422 1449 447 ex

131 475 275 513 horreis
309 477 496 525 direptum
536 476 777 525 effusumque
817 475 1050 513 frumentum
1089 476 1168 512 vias
1207 487 1343 512 omnes
1382 487 1448 511 an-

130 541 380 590 giportusque
411 548 691 588 constraverat,
733 548 770 578 et
803 553 919 578 naves
959 541 1084 578 subito
1123 540 1309 589 perterriti
1343 547 1448 577 metu

130 607 427 654 conscendistis,
459 614 495 644 et
521 613 639 644 noctu
667 607 715 644 ad
742 607 930 655 oppidum
957 606 1214 654 respicientes,
1242 605 1449 654 flagrantes

130 672 334 716 onerarias,
365 684 460 721 quas
498 672 748 709 incenderant
784 671 932 715 milites,
963 671 1052 720 quia
1091 670 1197 718 sequi
1236 670 1446 715 noluerant,

129 736 339 774 videbatis:
371 744 567 786 postremo
599 749 622 774 a
651 736 805 774 Rhodia
834 737 955 774 classe
987 736 1136 781 deserti,
1158 747 1289 772 verum
1322 743 1446 772 vatem

129 801 244 840 fuisse
265 803 446 840 sensistis.

183 872 220 905 2.
250 867 312 906 Ti.
351 868 561 913 Gracchus,
602 868 643 906 P.
664 868 718 913 F„
750 869 816 916 qui
844 869 901 905 bis
941 868 1076 905 consul
1114 876 1151 905 et
1189 880 1327 906 censor
1365 867 1445 911 fuit,

127 933 306 982 idemque
334 940 372 970 et
392 945 564 970 summus
590 945 710 982 augur
738 941 775 970 et
794 933 848 969 vir
868 933 1022 981 sapiens
1049 934 1215 982 civisque
1237 939 1444 982 praestans,

128 1010 259 1036 nonne
280 997 337 1050 (ut
357 998 400 1036 C.
424 998 633 1044 Gracchus,
655 999 752 1035 filius
773 999 865 1044 eius,
888 999 1071 1047 scriptum
1091 996 1274 1049 reliquit),
1293 998 1444 1035 duobus

127 1064 316 1113 anguibus
338 1065 443 1101 domi
477 1064 778 1113 comprehensis,
799 1064 1022 1113 haruspices
1055 1064 1308 1101 convocavit?
1367 1062 1444 1108 Qui

91 1134 105 1164 .“
127 1140 247 1178 quum
277 1129 574 1179 respondissent,
595 1130 626 1166 si
657 1142 802 1166 marem
836 1130 1035 1175 emisisset,
1070 1130 1180 1166 uxori
1214 1129 1317 1166 brevi
1348 1134 1444 1165 tem-

126 1205 220 1243 pore
240 1206 324 1232 esse
350 1195 592 1232 moriendum
607 1208 616 1242 ;
648 1195 678 1232 si
709 1195 903 1240 feminam,
933 1195 1029 1244 ipsi:
1059 1195 1217 1244 aequius
1245 1207 1328 1231 esse
1356 1206 1445 1231 cen-

125 1259 209 1305 suit,
230 1271 271 1297 se
290 1267 479 1297 maturam
506 1267 689 1310 oppetere
721 1267 896 1306 mortem,
919 1272 1035 1309 quarn
1063 1259 1105 1297 P.
1126 1260 1295 1296 Africani
1329 1259 1444 1296 filiam

126 1325 435 1362 adolescentem:
479 1325 663 1363 feminam
701 1326 851 1363 emisit:
894 1325 975 1374 ipse
1014 1325 1147 1374 paucis
1183 1332 1272 1374 post
1310 1325 1444 1362 diebus

125 1397 181 1427 est
209 1397 391 1427 mortuus.

177 1459 215 1493 3.
248 1455 378 1505 Tages
398 1456 554 1504 quidam
575 1456 709 1494 dicitur
728 1456 768 1493 in
787 1468 881 1505 agro
904 1457 1184 1506 Tarquiniensi,
1207 1469 1326 1506 quum
1346 1463 1443 1494 terra

124 1527 300 1566 araretur,
322 1527 359 1557 et
379 1521 506 1559 sulcus
526 1521 637 1559 altius
658 1528 758 1558 esset
777 1522 997 1571 impressus,
1018 1523 1206 1560 exstitisse
1230 1528 1386 1571 repente
1407 1529 1443 1558 et

124 1598 213 1623 eum
239 1586 376 1623 affatus
405 1598 502 1632 esse,
523 1587 587 1635 qui
613 1587 754 1624 arabat.
812 1587 852 1625 Is
881 1594 1009 1625 autem
1039 1588 1181 1637 Tages,
1202 1594 1244 1625 ut
1272 1588 1310 1625 in
1339 1588 1442 1625 libris

123 1658 182 1688 est
201 1651 462 1696 Etruscorum,
483 1651 618 1700 puerili
647 1653 774 1701 specie
801 1653 936 1690 dicitur
958 1654 1072 1698 visus,
1094 1654 1162 1691 sed
1192 1654 1299 1691 senili
1325 1654 1442 1692 fuisse

123 1717 335 1766 prudentia.
392 1717 486 1754 Eius
516 1724 674 1766 aspectu
703 1730 822 1767 quum
851 1719 1112 1768 obstupuisset
1141 1719 1339 1765 bubulcus,
1367 1720 1441 1757 cla-

123 1794 348 1831 moremque
368 1783 554 1820 maiorem
574 1795 662 1820 cum
682 1784 933 1821 admiratione
961 1784 1166 1831 edidisset;
1211 1797 1441 1822 concursum

124 1860 209 1885 esse
229 1847 382 1893 factum,
403 1854 601 1897 totamque
621 1849 726 1885 brevi
746 1855 921 1898 tempore
937 1849 977 1886 in
997 1861 1086 1886 eum
1102 1850 1230 1887 locum
1249 1849 1440 1887 Etruriam

125 1913 349 1950 convenisse
365 1925 375 1959 3
405 1919 486 1950 tum
506 1913 610 1950 illum
631 1913 740 1962 plura
759 1913 929 1951 locutum
953 1915 1081 1952 multis
1103 1915 1354 1962 audientibus,
1376 1916 1441 1965 qui

124 1978 255 2015 omnia
275 1978 356 2015 eius
370 1979 485 2015 verba
503 1979 724 2027 exceperint
743 1979 949 2028 litterisque
968 1980 1252 2018 mandaverint:
1282 1993 1440 2018 omnem

124 2049 251 2080 autem
289 2043 504 2080 orationem
540 2043 656 2081 fuisse
694 2056 791 2089 eam,
824 2057 899 2093 qua
937 2044 1204 2094 haruspicinae
1242 2046 1441 2096 disciplina

64 2119 107 2149 40
124 2109 401 2147 contineretur:
429 2116 518 2146 eam
538 2115 674 2158 postea
694 2110 855 2147 crevisse
875 2110 990 2147 rebus
1013 2110 1122 2148 novis
1153 2113 1440 2161 cognoscendis

122 2181 160 2212 et
197 2175 247 2213 ad
284 2175 420 2212 eadem
457 2175 519 2212 illa
556 2175 742 2224 principia
788 2174 1005 2213 referendis.
1064 2175 1176 2213 Haec
1220 2178 1441 2225 accepimus

123 2241 172 2277 ab
201 2240 319 2289 ipsis:
366 2239 460 2277 haec
499 2240 639 2289 scripta
676 2246 926 2277 conservant:
969 2239 1073 2279 hunc
1109 2240 1258 2279 fontem
1297 2242 1438 2281 habent

122 2306 353 2356 disciplinae.

173 2376 215 2410 4.
247 2372 392 2410 Rarum
427 2379 484 2410 est
516 2372 712 2423 quoddam
743 2383 866 2421 genus
896 2383 1041 2417 eorum,
1063 2373 1128 2421 qui
1158 2385 1198 2411 se
1228 2386 1249 2412 a
1273 2386 1435 2424 corpore

749 2450 773 2475 Κ
797 2449 815 2474 2
