1587 2533
117 119 198 171 246
464 127 710 159 EXTRACTS
737 129 870 160 FROM
900 128 1077 161 CICERO.
1166 136 1173 143 ·
1292 129 1369 160 sect.
1392 130 1434 158 v.

117 239 234 276 quum
274 226 518 276 pulchritudo
557 227 638 265 eius
666 240 801 265 recens
839 227 887 265 ad
916 227 1049 265 oculos
1087 226 1293 285 hominum
1317 233 1432 276 atque

117 293 265 341 integra
294 293 529 342 perveniret:
574 299 782 330 statuerunt
812 293 849 330 id
887 305 1017 330 secum
1047 292 1086 329 in
1127 291 1273 340 Syriam
1301 303 1432 340 repor-

117 364 208 404 tare,
238 364 289 402 ut,
317 369 435 406 quum
465 356 662 394 audissent
691 357 932 394 simulacrum
963 357 1065 394 Iovis
1095 356 1241 405 Optimi
1270 355 1431 393 Maximi

119 423 348 466 dedicatum,
381 422 528 469 legatos
557 422 759 467 mitterent,
794 423 859 470 qui
889 434 977 460 cum
1014 422 1147 459 ceteris
1187 422 1300 458 rebus
1341 421 1430 458 illud
1450 431 1489 464 55

119 499 274 536 quoque
307 487 490 523 eximium
524 498 568 524 ac
604 486 901 535 pulcherrimum
939 487 1086 523 donum
1123 486 1162 522 in
1201 485 1432 535 Capitolium

120 551 309 588 afferrent.
365 551 540 588 Pervenit
568 563 628 588 res
662 551 711 588 ad
748 551 854 588 istius
893 564 1014 597 aures,
1049 551 1182 588 nescio
1220 551 1431 600 quomodo.

120 616 222 653 Nam
254 628 320 653 rex
354 616 518 653 celatum
549 616 739 662 voluerat;
781 628 859 653 non
894 629 971 665 quo
1006 616 1215 665 quidquam
1249 623 1434 664 metueret

119 687 183 718 aut
204 681 468 730 suspicaretur,
490 681 558 718 sed
577 688 617 718 ut
637 693 686 718 ne
706 681 812 717 multi
833 681 923 718 illud
943 689 1031 718 ante
1056 682 1294 730 perciperent
1314 681 1432 718 oculis

120 758 236 794 quam
264 746 429 795 populus
457 745 670 784 Romanus.
726 746 803 783 Iste
823 747 918 795 petit
944 759 965 783 a
985 759 1074 795 rege
1094 754 1130 784 et
1157 758 1245 784 eum
1265 746 1433 796 pluribus
1452 747 1494 779 60

120 812 244 849 verbis
272 818 393 860 rogat,
414 818 455 848 ut
483 811 522 848 id
550 811 599 848 ad
629 823 668 848 se
697 811 842 848 mittat:
873 823 1014 860 cupere
1047 823 1087 848 se
1117 811 1207 848 dicit
1236 811 1435 860 inspicere,

120 886 246 923 neque
268 886 307 910 se
329 873 409 910 aliis
426 873 578 910 videndi
600 880 828 922 potestatem
849 886 932 911 esse
953 874 1153 911 facturum.
1209 873 1436 919 Antiochus,

122 939 186 987 qui
207 939 336 975 animo
357 945 394 975 et
414 938 546 987 puerili
565 944 665 974 esset
685 944 722 975 et
741 939 858 986 regio,
880 938 973 975 nihil
994 938 1040 975 de
1064 939 1170 975 istius
1195 938 1437 987 improbitate

123 1006 338 1054 suspicatus
366 1011 446 1041 est:
477 1004 638 1052 imperat
665 1005 751 1049 suis,
773 1011 814 1041 ut
843 1004 880 1041 id
909 1005 946 1040 in
967 1004 1199 1053 praetorium
1224 1004 1436 1041 involutum

122 1083 237 1119 quam
267 1069 523 1106 occultissime
562 1069 761 1106 deferrent.
819 1069 910 1115 Quo
947 1077 1201 1118 posteaquam
1235 1070 1437 1106 attulerunt
1455 1074 1494 1115 65

123 1135 402 1183 involucrisque
428 1133 576 1170 reiectis
598 1134 896 1171 constituerunt:
917 1134 986 1171 iste
1008 1134 1171 1171 clamare
1196 1135 1333 1183 coepit,
1356 1135 1438 1182 dig-

123 1212 213 1237 nam
243 1211 323 1236 rem
352 1211 437 1236 esse
465 1210 586 1246 regno
617 1198 757 1247 Syriae,
779 1199 936 1247 dignam
957 1200 1062 1248 regio
1092 1211 1261 1245 munere,
1283 1200 1440 1248 dignam

124 1265 326 1314 Capitolio.
382 1264 537 1301 Etenim
566 1270 646 1301 erat
674 1275 721 1301 eo
751 1264 967 1313 splendore,
988 1265 1053 1314 qui
1082 1277 1129 1302 ex
1160 1265 1375 1303 clarissimis
1403 1273 1441 1303 et

123 1329 385 1380 pulcherrimis
414 1329 577 1377 gemmis
604 1341 688 1366 esse
716 1329 902 1367 debebat:
931 1342 977 1367 ea
1000 1330 1178 1368 varietate
1205 1343 1378 1379 operum,
1399 1338 1440 1368 ut

125 1408 185 1433 ars
206 1401 349 1433 certare
369 1395 557 1432 videretur
576 1406 665 1432 cum
685 1395 822 1443 copia:
852 1406 897 1432 ea
917 1395 1191 1443 magnitudine,
1213 1402 1254 1433 ut
1282 1396 1439 1444 intelligi
1460 1406 1500 1439 70

125 1467 268 1510 posset,
285 1472 365 1497 non
381 1460 429 1497 ad
445 1460 644 1497 hominum
660 1466 898 1509 apparatum,
916 1460 983 1497 sed
1000 1460 1048 1497 ad
1068 1461 1290 1509 amplissimi
1311 1461 1442 1509 templi

125 1532 394 1564 ornamentum
410 1537 494 1562 esse
515 1524 669 1562 factum.
719 1524 837 1570 Quod
858 1537 976 1574 quum
998 1526 1087 1563 satis
1108 1526 1184 1562 iam
1200 1526 1442 1574 perspexisse

125 1591 326 1635 videretur,
356 1590 487 1627 tollere
525 1589 722 1638 incipiunt,
751 1596 793 1627 ut
829 1590 1023 1628 referrent.
1079 1590 1158 1628 Iste
1196 1591 1246 1628 ait
1279 1602 1320 1628 se
1348 1591 1443 1628 velle

127 1656 218 1693 illud
252 1656 366 1692 etiam
403 1662 516 1704 atque
546 1656 659 1692 etiam
698 1656 962 1693 considerare:
1006 1668 1250 1705 nequaquam
1279 1668 1321 1694 se
1359 1668 1443 1693 esse

129 1722 327 1759 satiatum:
366 1721 469 1757 iubet
507 1720 590 1757 illos
629 1720 824 1758 discedere
853 1728 889 1758 et
918 1722 1190 1759 candelabrum
1218 1722 1440 1771 relinquere.
1463 1730 1501 1764 75

130 1786 191 1823 Sic
212 1787 262 1823 illi
284 1794 363 1822 tum
384 1786 517 1823 inanes
537 1785 586 1822 ad
606 1786 841 1823 Antiochum
861 1793 1107 1824 revertuntur.

185 1864 219 1899 3.
251 1851 335 1888 Rex
364 1851 488 1899 primo
517 1850 609 1887 nihil
639 1857 820 1897 metuere,
840 1851 931 1888 nihil
961 1851 1156 1900 suspicari.
1213 1851 1307 1890 Dies
1332 1865 1443 1898 unuS‚

129 1917 233 1962 alter,
255 1916 403 1964 plures:
434 1928 513 1952 non
539 1915 678 1952 referri.
735 1915 839 1953 Tum
868 1917 979 1953 mittit
1006 1929 1072 1953 rex
1101 1916 1150 1953 ad
1176 1917 1302 1962 istum,
1324 1918 1354 1955 si
1374 1919 1447 1955 sibi

129 1982 310 2025 videatur,
332 1987 373 2017 ut
399 1981 543 2018 reddat.
600 1980 712 2018 Iubet
738 1981 808 2019 iste
828 1982 1017 2030 posterius
1038 1982 1086 2019 ad
1107 1994 1147 2019 se
1167 1983 1311 2020 reverti.
1369 1982 1445 2019 Mi-

130 2059 214 2084 rum
235 2046 284 2082 illi
304 2046 430 2083 videri.
488 2046 604 2083 Mittit
623 2047 779 2084 iterum:
810 2058 888 2083 non
908 2047 1086 2083 redditur.
1139 2047 1227 2096 Ipse
1247 2047 1444 2085 hominem
1463 2055 1505 2084 80

132 2113 324 2163 appellat:
346 2119 466 2161 rogat,
486 2120 526 2151 ut
555 2114 700 2151 reddat.
758 2112 815 2151 Os
841 2113 1007 2151 hominis
1034 2114 1302 2163 insignemque
1322 2115 1446 2164 impu-

132 2178 302 2216 dentiam
340 2179 575 2227 cognoscite.
633 2178 750 2224 Quod
784 2179 906 2223 sciret,
941 2180 1123 2228 quodque
1157 2192 1204 2217 ex
1237 2180 1322 2228 ipso
1355 2192 1446 2229 rege

132 2244 300 2281 audisset
337 2243 376 2280 in
413 2243 604 2293 Capitolio
643 2257 726 2281 esse
753 2245 989 2294 ponendum,
1024 2245 1129 2294 quod
1166 2245 1248 2282 Iovi
1287 2244 1446 2294 Optimo

132 2307 319 2354 Maximo,
349 2309 454 2357 quod
492 2309 636 2358 populo
668 2309 848 2347 Romano
877 2311 1015 2347 servari
1052 2310 1202 2355 videret,
1232 2310 1271 2346 id
1309 2310 1379 2347 sibi
1406 2317 1447 2347 ut

132 2373 303 2420 donaret,
324 2385 458 2423 rogare
482 2380 519 2412 et
541 2374 785 2413 vehementer
813 2382 941 2425 petere
968 2376 1106 2425 coepit.
1163 2375 1294 2423 Quum
1318 2375 1379 2413 ille
1406 2387 1446 2412 se
1465 2377 1504 2417 85
