1587 2533
137 141 219 172 222
489 136 733 169 EXTRACTS
761 137 898 168 FROM
925 137 1104 170 CICERO.
1309 139 1386 170 Sect.
1407 138 1448 170 V.

135 236 205 275 fuit
232 249 349 287 quam
378 237 520 276 tuenda
549 245 617 276 est.
673 236 732 275 Ac
766 238 796 275 si
829 237 921 274 mihi
951 237 1160 286 quidquam
1188 243 1286 275 esset
1314 238 1383 275 abs
1411 243 1449 275 te

135 310 362 352 separatum,
383 303 476 339 nihil
497 303 658 352 amplius
680 302 933 339 desiderarem
953 302 1027 339 hoc
1048 308 1159 347 statu,
1176 303 1241 351 qui
1259 302 1352 339 mihi
1372 303 1449 339 iam

133 374 264 416 partus
283 375 351 405 est.
410 367 526 404 Nunc
546 379 636 404 vero
664 367 717 404 sic
737 379 796 404 res
824 379 907 404 sese
927 367 1053 412 habet,
1072 372 1123 410 ut,
1145 367 1217 404 nisi
1236 367 1365 404 omnia
1384 374 1449 404 tua
1467 377 1529 411 495

134 431 234 469 sacta
254 439 367 481 atque
399 432 499 469 dicta
527 432 667 469 nostris
696 432 809 469 rebus
843 432 954 469 istinc
983 431 1252 479 respondeant,
1282 444 1356 480 ego
1385 444 1448 469 me

133 498 246 534 tantis
267 498 362 535 meis
389 497 582 534 laboribus
609 498 799 546 tantisque
820 497 1008 546 periculis,
1029 508 1193 546 quorum
1213 503 1254 533 tu
1274 497 1448 534 omnium

131 563 322 612 particeps
352 563 465 608 suisti,
486 563 578 599 nihil
607 569 858 599 consecutum
887 570 1028 611 putem.
1086 561 1206 608 Quod
1231 562 1273 607 si,
1298 568 1340 598 ut
1367 574 1447 599 am-

132 628 346 676 plissimum
375 640 519 665 nomen
549 639 881 676 consequeremur,
902 639 1001 664 unus
1030 633 1178 675 praeter
1207 633 1353 664 ceteros
1380 626 1446 663 ad-

130 693 265 738 iuvisti,
297 699 397 730 certe
436 693 548 738 idem,
575 699 616 729 ut
654 693 693 729 id
731 692 972 737 retineamus,
1003 698 1151 741 praeter
1183 697 1331 728 ceteros
1370 690 1446 727 ela·
1465 699 1528 731 500

130 757 295 794 borabis.
352 757 445 794 Non
483 763 540 794 est
568 758 634 794 tibi
667 757 725 794 his
764 757 853 794 solis
882 756 1068 794 utendum
1102 756 1446 794 existimationibus

131 833 174 858 ac
202 822 348 859 iudiciis
375 823 440 871 qui
467 834 569 859 nunc
597 831 684 859 sunt
710 822 922 867 hominum,
945 822 1013 858 sed
1041 822 1085 858 iis
1113 822 1226 858 etiam
1247 821 1311 870 qui
1331 821 1445 858 futuri

130 894 241 924 sunt:
271 899 506 936 quamquam
535 887 683 924 illorum
712 888 779 924 erit
808 887 930 924 verius
959 886 1139 937 iudicium
1167 886 1444 923 obtrectatione

130 959 166 988 et
186 952 452 990 malevolentia
472 952 682 990 liberatum.
739 951 917 1000 Denique
947 951 1037 988 illud
1066 951 1180 987 etiam
1201 951 1318 988 debes
1338 951 1444 999 cogi-

129 1023 218 1063 tare,
240 1030 321 1054 non
341 1025 376 1055 te
397 1018 462 1055 tibi
483 1018 554 1055 soli
574 1017 735 1066 gloriam
756 1029 962 1066 quaerere:
993 1016 1099 1066 quod
1125 1016 1156 1053 si
1183 1023 1294 1061 esset,
1315 1022 1444 1053 tamen
1462 1032 1523 1065 505

127 1094 208 1118 non
245 1080 469 1131 negligeres,
499 1082 721 1131 praesertim
750 1094 869 1131 quum
903 1081 1146 1129 amplissimis
1183 1082 1443 1119 monumentis

128 1158 352 1185 consecrare
373 1147 557 1185 voluisses
583 1147 809 1184 memoriam
839 1146 1005 1183 nominis
1035 1146 1099 1190 tui,
1121 1145 1190 1182 sed
1218 1157 1263 1182 ea
1290 1146 1357 1182 tibi
1385 1153 1444 1184 est

127 1212 449 1250 communicanda
486 1225 650 1257 mecum,
680 1211 880 1260 prodenda
916 1210 1043 1248 liberis
1081 1210 1231 1247 nostris.
1287 1209 1335 1247 In
1365 1223 1442 1260 quo

127 1278 340 1314 cavendum
361 1285 417 1315 est
436 1290 496 1323 ne,
513 1278 544 1314 si
565 1277 820 1326 negligentior
839 1276 963 1321 fueris,
980 1288 1060 1313 non
1081 1275 1204 1313 solum
1220 1276 1286 1312 tibi
1305 1288 1440 1325 parurn

127 1343 374 1388 consuluisse,
397 1343 464 1381 sed
485 1343 598 1380 etiam
620 1343 692 1379 tuis
714 1342 890 1379 invidisse
909 1342 1081 1380 videaris.
1459 1356 1523 1388 510

184 1408 242 1445 16.
271 1408 399 1457 Atque
426 1407 521 1445 haec
541 1420 621 1444 non
648 1419 695 1444 eo
718 1408 904 1450 dicuntur,
926 1415 967 1445 ut
993 1414 1029 1445 te
1050 1408 1172 1445 oratio
1193 1420 1279 1445 mea
1299 1407 1440 1445 dormi-

126 1478 254 1509 entem
282 1474 477 1518 excitasse,
499 1474 566 1511 sed
595 1474 722 1522 potius
748 1480 789 1510 ut
815 1480 1030 1510 currentem
1059 1473 1235 1511 incitasse
1258 1473 1439 1510 videatur.

126 1537 257 1575 Facies
295 1539 397 1575 enim
435 1545 633 1588 perpetuo,
663 1551 761 1587 quae
799 1538 929 1580 fecisti,
959 1547 1000 1575 ut
1038 1550 1172 1576 omnes
1210 1538 1441 1587 aequitatem

125 1610 240 1648 tuam,
266 1604 567 1652 temperantiam,
596 1604 844 1648 severitatem,
872 1604 1201 1653 integritatemque
1229 1603 1439 1641 laudarent.

127 1667 202 1707 Sed
231 1680 292 1706 me
320 1669 509 1718 quaedam
535 1676 638 1706 tenet
665 1676 820 1718 propter
846 1669 1076 1716 singularem
1102 1681 1275 1706 amorem
1294 1668 1440 1706 infinita
1457 1686 1519 1720 515

125 1732 163 1768 in
193 1739 229 1770 te
259 1734 415 1771 aviditas
444 1734 597 1783 gloriae,
619 1745 853 1783 quamquam
881 1733 972 1770 illud
1000 1734 1189 1778 existimo,
1216 1745 1334 1783 quum
1363 1734 1439 1770 iarn

127 1798 192 1834 tibi
222 1799 325 1844 Asia,
356 1800 451 1836 sicut
489 1800 553 1836 uni
583 1799 721 1847 cuique
759 1810 828 1836 sua
865 1798 1013 1844 domus,
1045 1805 1136 1835 nota
1173 1810 1256 1836 esse
1291 1799 1438 1845 debeat,

126 1873 245 1910 quum
272 1863 320 1900 ad
349 1870 453 1900 tuam
483 1876 674 1901 summam
699 1863 939 1912 prudentiam
965 1869 1093 1900 tantus
1117 1875 1207 1900 usus
1227 1863 1438 1909 accesserit,

126 1926 217 1963 nihil
243 1939 327 1964 esse
351 1928 458 1976 quod
479 1928 528 1965 ad
547 1928 699 1966 laudem
720 1929 884 1972 attineat,
905 1927 1010 1976 quod
1029 1939 1109 1964 non
1129 1934 1170 1964 tu
1189 1929 1333 1977 optime
1354 1940 1441 1977 per-

125 1991 264 2040 spicias
293 1999 330 2029 et
357 1993 423 2029 tibi
450 2004 531 2030 non
562 1993 643 2030 sine
671 1993 897 2041 cuiusquam
923 1991 1186 2030 exhortatione
1212 1993 1251 2030 in
1271 2000 1438 2030 mentem
1457 2008 1521 2040 520

124 2056 250 2093 veniat
278 2058 459 2105 quotidie.
517 2057 594 2095 Sed
618 2070 704 2106 ego,
726 2058 802 2107 qui,
824 2069 942 2106 quum
965 2063 1029 2094 tua
1057 2057 1156 2105 lego,
1176 2064 1213 2095 te
1242 2058 1382 2104 audire,
1402 2065 1439 2095 et

125 2120 198 2170 qui,
230 2133 349 2170 quum
378 2122 427 2159 ad
456 2129 492 2159 te
521 2123 657 2167 scribo,
687 2130 814 2160 tecum
842 2122 947 2171 loqui
976 2122 1115 2168 videor,
1140 2122 1281 2162 idcirco
1310 2129 1347 2160 et
1375 2129 1440 2161 tua

124 2185 349 2235 longissima
378 2198 530 2235 quaque
557 2187 718 2236 epistola
746 2187 912 2223 maxime
942 2186 1109 2224 delector
1128 2193 1165 2224 et
1190 2188 1272 2236 ipse
1291 2188 1330 2224 in
1350 2188 1440 2225 scri-

124 2252 254 2289 bendo
283 2264 368 2289 sum
389 2264 503 2300 saepe
533 2252 694 2300 longior.
752 2251 850 2289 Illud
876 2258 912 2289 te
939 2251 986 2288 ad
1014 2259 1224 2289 extremum
1244 2259 1281 2290 et
1306 2264 1376 2289 oro
1403 2259 1440 2290 et

125 2316 267 2361 hortor,
288 2322 328 2352 ut
354 2322 551 2364 tamquam
578 2322 715 2364 poetae
744 2316 837 2353 boni
861 2322 898 2352 et
926 2322 1075 2353 actores
1103 2316 1274 2353 industrii
1303 2316 1439 2361 solent,
1459 2335 1520 2366 525

126 2380 180 2419 sic
199 2387 239 2418 tu
259 2381 298 2417 in
319 2387 489 2417 extrema
509 2388 615 2430 parte
636 2388 671 2418 et
692 2381 937 2418 conclusione
957 2382 1125 2419 muneris
1153 2394 1197 2419 ac
1217 2382 1360 2431 negotii
1387 2382 1438 2420 tui
