1587 2533
149 120 230 163 274
500 119 748 152 EXTRACTS
775 121 913 152 FROM
940 122 1122 154 CICERO.
1324 126 1401 157 Sect.
1418 127 1458 157 V.

143 219 246 257 hunc
274 226 312 258 et
339 220 444 257 illum
473 220 734 263 Numidicum,
764 233 893 258 verum
930 233 975 258 ac
1003 233 1231 269 germanum
1259 221 1458 259 Metellum

143 286 351 323 interesset.
407 286 520 323 Illum
535 286 703 323 noluisse
724 298 792 323 sua
806 286 1023 324 laudatione
1043 287 1168 324 iuvare
1189 286 1232 324 L.
1246 287 1458 333 Lucullum,
1476 301 1538 332 415

143 350 282 387 sororis
320 350 451 395 virum,
490 351 646 398 quicum
685 352 829 399 optime
869 352 1134 397 convenisset;
1173 351 1275 389 hunc
1311 352 1458 389 homini

142 415 373 452 alienissimo
400 427 422 451 a
447 415 658 453 civitatibus
684 416 922 456 laudationes
949 428 1017 465 per
1036 417 1113 453 vim
1132 423 1168 454 et
1188 424 1333 453 metum
1353 429 1458 454 corn-

141 491 286 528 parare.
344 480 463 526 Quod
495 482 560 518 ubi
597 481 774 528 intellexi,
808 483 970 520 multum
1005 481 1108 530 apud
1145 481 1249 518 illum
1286 490 1458 520 recentes

141 545 306 590 nuntios,
328 546 488 583 multum
515 546 662 584 tabulas
682 558 762 583 non
782 547 1134 591 commendaticias,
1157 546 1225 583 sed
1245 546 1458 584 tributarias

141 610 324 647 valuisse:
355 611 554 647 admonitu
579 611 750 660 ipsorum
779 611 1107 661 Syracusanorum
1127 612 1314 660 impetum
1334 612 1373 648 in
1393 624 1457 650 eas
1477 622 1540 650 4²0

140 676 287 712 tabulas
316 675 426 722 facio,
456 677 495 713 in
524 677 662 725 quibus
691 684 846 715 senatus
876 678 1052 715 consulta
1089 676 1299 726 perscripta
1338 683 1456 715 erant.

139 739 242 777 Ecce
262 748 389 778 autem
409 753 510 778 nova
529 741 638 778 turba
658 747 772 790 atque
790 742 881 779 rixa.
931 742 992 779 Ne
1011 749 1138 779 tamen
1162 742 1276 779 istum
1300 744 1458 780 omnino

141 806 338 854 Syracusis
359 807 439 843 sine
465 807 609 851 amicis,
632 807 713 844 sine
740 806 967 856 hospitibus,
991 807 1105 856 plane
1130 807 1277 844 nudum
1304 820 1388 845 esse
1413 820 1458 845 ac

139 871 330 908 desertum
361 872 525 920 putetis:
554 871 713 908 retinere
734 873 860 921 coepit
889 872 1037 909 tabulas
1058 871 1346 910 Theomnastus
1375 873 1458 921 qui-

139 936 239 982 dam,
264 935 384 973 homo
413 936 568 973 ridicule
594 936 760 982 insanus,
790 948 906 985 quem
942 937 1168 986 Syracusani
1197 937 1457 975 Theoractum
1476 950 1536 982 425

137 1008 296 1038 vocant:
333 1002 397 1050 qui
425 1001 497 1038 illic
527 1001 715 1038 eiusmodi
744 1008 810 1046 est,
841 1008 882 1038 ut
910 1013 998 1038 eum
1031 1002 1138 1050 pueri
1169 1009 1381 1040 sectentur:
1417 1008 1458 1039 ut

138 1078 284 1111 omnes,
313 1078 431 1115 quum
460 1066 564 1115 loqui
591 1066 729 1115 coepit,
751 1066 941 1103 irrideant.
998 1066 1125 1103 Huius
1149 1073 1278 1104 tamen
1298 1067 1455 1113 insania,

137 1143 234 1180 quae
264 1131 420 1168 ridicula
449 1138 506 1168 est
535 1131 628 1176 aliis,
658 1131 751 1167 mihi
779 1137 861 1167 turn
889 1130 1054 1168 molesta
1083 1143 1177 1168 sane
1215 1132 1296 1169 fuit.
1353 1131 1456 1169 Nam

137 1207 256 1244 quum
286 1208 442 1245 spumas
477 1203 606 1244 ageret
643 1196 680 1232 in
711 1207 788 1241 ore,
819 1196 995 1233 arderent
1025 1196 1137 1240 oculi,
1166 1209 1261 1234 voce
1289 1198 1457 1235 maxima

135 1262 213 1297 vim
250 1273 312 1298 me
341 1262 412 1298 sibi
450 1262 583 1298 afferre
613 1261 804 1306 clamaret,
834 1261 1001 1310 copulati
1030 1261 1068 1297 in
1106 1262 1163 1298 ius
1201 1264 1455 1311 pervenimus.
1474 1280 1539 1310 430

136 1326 214 1363 Hic
242 1338 316 1375 ego
345 1327 535 1375 postulare
565 1327 686 1374 coepi,
716 1333 758 1363 ut
785 1326 877 1363 mihi
906 1326 1052 1363 tabulas
1081 1327 1285 1375 obsignare
1315 1340 1360 1365 ac
1390 1328 1455 1365 de-

135 1399 286 1441 portare
311 1391 448 1428 liceret.
506 1391 573 1428 Ille
594 1397 727 1428 contra
748 1392 894 1428 dicere:
924 1403 1065 1440 negare
1085 1403 1169 1429 esse
1190 1391 1280 1428 illud
1300 1399 1454 1429 senatus

136 1457 364 1502 consultum,
386 1457 426 1493 in
447 1469 523 1506 quo
551 1463 704 1505 praetor
733 1456 944 1505 appellatus
971 1463 1101 1503 esset3
1131 1469 1272 1505 negare
1298 1456 1337 1493 id
1363 1457 1455 1494 mihi

134 1522 230 1558 tradi
251 1528 437 1570 oportere.
495 1521 582 1570 Ego
603 1521 730 1569 legem
750 1521 916 1566 recitare,
935 1522 1107 1558 omniurn
1128 1521 1220 1557 mihi
1241 1521 1454 1558 tabularum

134 1594 172 1624 et
191 1587 396 1623 litterarum
425 1586 506 1623 fieri
531 1592 761 1635 potestatem
791 1593 980 1635 oportere.
1036 1585 1103 1623 Ille
1125 1585 1288 1623 furiosus
1307 1598 1454 1634 urgere,
1474 1602 1535 1633 435

132 1651 285 1688 nihilad
302 1663 341 1688 se
358 1657 508 1688 nostras
528 1651 633 1699 leges
649 1651 848 1699 pertinere.
905 1650 1062 1688 Praetor
1082 1651 1296 1700 intelligens
1312 1664 1454 1700 negare

133 1719 203 1755 sibi
229 1718 389 1766 placere,
411 1716 517 1765 quod
547 1722 700 1752 senatus
730 1715 947 1752 consultum
974 1723 1096 1752 ratum
1126 1728 1209 1753 esse
1239 1728 1319 1754 non
1339 1716 1454 1753 debe-

131 1792 198 1828 ret,
221 1785 259 1821 id
279 1795 341 1819 me
363 1782 530 1819 Romam
552 1781 763 1829 deportare.
821 1780 926 1827 Quid
945 1781 1088 1818 multa?
1145 1781 1229 1818 Nisi
1249 1781 1453 1818 vehemen-

131 1850 204 1886 tius
225 1848 370 1885 homini
389 1848 555 1883 minatus
576 1857 727 1882 essem:
758 1846 829 1882 nisi
858 1846 986 1894 legum
1007 1846 1246 1883 sanctionem
1267 1857 1452 1894 poenam-

131 1926 206 1962 que
244 1913 473 1956 recitassem,
503 1910 718 1948 tabularum
747 1910 839 1947 mihi
877 1917 1049 1959 potestas
1083 1911 1183 1948 facta
1222 1922 1302 1947 non
1340 1917 1450 1948 esset.
1471 1924 1534 1954 440

131 1977 200 2015 Ille
229 1986 356 2014 autem
386 1977 554 2022 insanus,
576 1975 641 2024 qui
670 1986 740 2023 pro
769 1975 842 2012 isto
869 1981 1003 2012 contra
1030 1987 1092 2012 me
1121 1975 1452 2013 vehementissime

133 2042 396 2086 declamasset,
417 2048 622 2089 postquam
652 2050 733 2076 non
762 2039 985 2088 impetravit,
1008 2040 1135 2084 credo,
1156 2046 1197 2076 ut
1225 2040 1264 2076 in
1291 2041 1452 2088 gratiam

132 2118 285 2144 mecum
312 2106 459 2150 rediret,
481 2105 649 2142 libellum
678 2104 771 2141 mihi
802 2104 876 2148 dat,
899 2104 937 2140 in
967 2116 1046 2152 quo
1076 2104 1182 2141 istius
1212 2103 1311 2140 furta
1342 2103 1452 2152 Syra-

133 2183 276 2209 cusana
303 2171 512 2220 perscripta
533 2176 666 2208 erant:
698 2181 796 2220 quae
811 2180 884 2218 ego
904 2169 979 2206 iam
1001 2175 1112 2206 antea
1132 2169 1179 2205 ab
1208 2168 1278 2205 illis
1307 2180 1451 2218 cogno-

132 2249 215 2276 ram
235 2244 272 2275 et
297 2247 534 2285 acceperam·
1470 2252 1537 2284 445
