1587 2533
144 120 224 174 258
472 124 717 157 EXTRACTS
746 123 884 154 FROM
910 121 1088 153 CICERO.
1311 121 1390 151 Seet.
1414 119 1455 149 v.

140 241 221 266 non
250 228 424 272 obscura,
453 226 694 263 sacerdotum
725 223 945 261 testimonio
974 220 1176 270 perspicua
1205 230 1288 256 esse
1318 217 1456 265 coepit.

140 294 221 331 Itur
258 294 297 329 in
326 292 553 329 consilium:
589 301 717 326 servus
747 288 807 324 ille
836 289 1024 324 innocens
1054 285 1232 322 omnibus
1262 282 1456 320 sententiis
1475 280 1514 319 85

141 358 358 402 absolvitur,
389 368 466 405 quo
504 355 649 392 facilius
684 365 754 391 vos
790 353 893 390 hunc
925 351 1102 388 omnibus
1133 349 1328 387 sententiis
1367 360 1456 386 con-

141 423 322 460 demnare
343 421 521 470 possetis.

176 579 231 613 11.
260 574 361 611 How
391 574 519 612 Verres
537 574 687 611 carried
701 573 756 623 off
767 573 822 610 the
840 571 871 609 I
867 585 970 622 mage
989 572 1037 622 qs
1037 569 1140 620 fimo
1144 570 1253 621 from
1273 568 1420 606 llIelz'la.

195 678 326 716 Insula
356 684 412 715 est
441 677 583 722 Melita,
603 677 758 722 iudices,
781 676 870 714 satis
899 675 976 712 lato
1007 675 1055 711 ab
1086 673 1211 711 Sicilia
1239 672 1333 709 mari
1363 671 1459 720 peri-

141 745 351 792 culosoque
382 744 592 781 disiuncta:
632 744 671 779 in
700 755 776 792 qua
804 749 861 779 est
899 742 1038 778 eodem
1075 740 1231 776 nomine
1260 738 1459 787 oppidum,

143 822 220 858 quo
251 810 320 847 iste
347 822 560 859 numquam
591 809 750 846 accessit
765 821 774 854 ;
806 808 911 857 quod
941 814 1069 844 tamen
1089 806 1148 842 isti
1169 805 1373 842 textrinum
1393 816 1460 852 per

143 875 344 911 triennium
375 875 424 911 ad
452 875 675 910 muliebrem
704 880 848 910 vestem
878 871 1157 910 conficiendam
1187 869 1266 906 fuit.
1322 869 1384 905 Ab
1413 879 1460 905 eo

146 939 292 988 oppido
314 951 393 976 non
421 939 547 988 longe,
570 939 608 975 in
637 938 917 987 promontorio,
938 937 1070 974 fanum
1090 941 1147 972 est
1175 934 1335 971 Iunonis
1365 933 1460 970 anti·
1480 943 1498 975 5

145 1016 285 1053 quum:
315 1003 419 1052 quod
448 1010 553 1040 tanta
581 1003 763 1051 religione
793 1014 945 1050 semper
975 1001 1054 1046 fuit,
1075 1007 1115 1037 ut
1145 1011 1223 1036 non
1244 999 1362 1036 modo
1391 998 1461 1034 illis

143 1068 297 1105 Punicis
317 1069 436 1113 bellis,
458 1080 555 1117 quae
585 1068 623 1104 in
643 1068 701 1105 his
721 1067 797 1104 fere
825 1067 919 1104 locis
946 1066 1068 1102 navali
1089 1065 1200 1113 copia
1220 1070 1328 1113 gesta
1348 1070 1461 1112 atque

144 1140 290 1171 versata
310 1141 408 1178 sunt,
431 1134 498 1171 sed
519 1134 633 1170 etiam
662 1134 701 1169 in
730 1133 802 1169 hae
831 1133 1071 1181 praedonum
1098 1130 1337 1167 multitudine
1364 1140 1462 1166 sem-

144 1211 212 1247 per
232 1199 453 1235 inviolatum
481 1205 732 1246 sanctumque
760 1197 881 1234 fuerit.
941 1196 1046 1242 Quin
1074 1196 1187 1232 etiarn
1214 1195 1289 1232 hoc
1315 1205 1463 1231 memo-

144 1263 220 1300 riae
243 1263 436 1311 proditum
463 1269 530 1307 est,
552 1263 671 1299 classe
700 1263 898 1311 quondam
929 1261 1158 1298 Masinissae
1187 1261 1286 1309 regis
1306 1260 1355 1296 ad
1375 1270 1463 1295 eum
1487 1269 1524 1289 10

145 1328 274 1365 locum
289 1328 458 1376 appulsa,
475 1327 710 1376 praefectum
726 1328 874 1375 regium
892 1327 1024 1364 dentes
1045 1328 1235 1363 eburneos
1256 1323 1464 1362 incredibili

146 1393 408 1441 magnitudine
438 1405 458 1429 e
488 1392 577 1429 fano
608 1392 803 1429 sustulisse
838 1398 874 1429 et
908 1404 975 1429 eos
995 1392 1034 1428 in
1063 1390 1233 1428 Africam
1278 1396 1463 1439 portasse,

146 1457 450 1506 Masinissaeque
480 1458 656 1494 donasse.
714 1456 863 1505 Regem
898 1457 1053 1505 quidem
1082 1456 1206 1504 primo
1237 1455 1463 1492 delectatum

147 1533 230 1559 esse
259 1533 440 1559 munere:
469 1529 569 1570 post,
599 1522 664 1558 ubi
693 1522 871 1565 audisset,
893 1522 995 1558 unde
1026 1527 1162 1565 essent,
1194 1519 1319 1556 statim
1340 1527 1463 1556 certos

146 1587 322 1624 homines
350 1587 389 1623 in
410 1587 673 1636 quinqueremi
701 1588 860 1632 misisse,
882 1587 946 1636 qui
966 1599 1033 1623 eos
1053 1586 1186 1623 dentes
1215 1590 1461 1633 reportarent.
1488 1594 1523 1625 15

148 1653 281 1701 Itaque
310 1652 349 1688 in
382 1652 440 1689 his
478 1652 700 1701 inscriptum
730 1652 857 1689 litteris
888 1651 1040 1688 Punicis
1070 1651 1159 1687 fuit:
1199 1661 1328 1687 REGEM
1357 1661 1464 1686 MAsr-

148 1728 281 1754 msSAM
323 1729 601 1754 IMPRUDENTEM
643 1729 858 1754 ACCEPISSE:
906 1728 956 1753 RE
998 1727 1175 1759 coomrA,
1220 1726 1465 1752 REPONENDOS

149 1793 513 1824 Rnsrrrussxnosouss
533 1793 706 1820 CURASSE.
763 1781 854 1818 Erat
874 1788 1069 1830 praeterea
1090 1793 1233 1829 magna
1252 1780 1306 1817 vis
1327 1780 1463 1823 eboris,

149 1847 268 1883 multa
306 1854 541 1892 ornamenta,
581 1847 620 1883 in
658 1847 795 1895 quibus
834 1848 1024 1883 eburneae
1064 1845 1267 1890 Victoriae,
1307 1845 1464 1894 antiquo

151 1922 269 1959 opera
289 1922 333 1947 ac
353 1923 504 1948 summa
525 1917 602 1948 arte
621 1911 822 1961 perfectae.
880 1910 991 1948 Haec
1018 1911 1087 1948 iste
1109 1911 1249 1955 omnia,
1270 1922 1318 1947 ne
1338 1910 1465 1946 multis
1487 1919 1525 1940 20

151 1987 289 2020 morer,
316 1987 394 2012 uno
424 1977 568 2024 impetu
597 1983 710 2024 atque
738 1988 817 2013 uno
846 1976 980 2012 nuntio
1009 1988 1077 2024 per
1107 1987 1234 2012 servos
1263 1974 1466 2021 Venerios,

152 2052 249 2089 quos
269 2040 349 2077 eius
369 2041 421 2077 rei
448 2053 562 2078 causa
588 2042 751 2087 miserat,
773 2041 941 2079 tollenda
966 2048 1079 2089 atque
1109 2041 1341 2089 asportanda
1361 2053 1466 2078 cura-

152 2105 213 2142 vit.
269 2104 345 2142 Pro
361 2105 410 2142 dii
431 2106 683 2143 immortales!
714 2118 830 2156 quem
850 2118 923 2155 ego
943 2105 1139 2142 hominem
1155 2106 1321 2143 accuso?
1350 2118 1465 2155 quem

152 2169 300 2218 legibus
328 2182 373 2207 ac
401 2170 563 2206 iudiciali
591 2171 670 2207 iure
699 2171 937 2220 persequor?
968 2171 1014 2208 de
1036 2182 1113 2219 quo
1141 2182 1209 2208 vos
1238 2171 1465 2208 sententiam

153 2247 221 2284 per
239 2235 417 2272 tabellam
438 2235 591 2273 feretis?
648 2235 791 2273 Dicunt
809 2237 923 2285 legati
943 2235 1164 2273 Melitenses
1193 2237 1354 2284 publice,
1376 2249 1463 2286 spo·
1485 2250 1521 2282 25

153 2300 284 2337 liatum
312 2300 497 2348 templum
527 2312 610 2338 esse
630 2301 811 2339 Iunonis:
845 2301 937 2338 nihil
966 2301 1080 2338 istum
1109 2301 1148 2337 in
1176 2301 1463 2350 religiosissimo

154 2365 244 2402 fano
263 2365 470 2415 reliquisse,
491 2377 605 2415 quem
632 2366 671 2403 in
690 2367 819 2404 locum
839 2366 978 2404 classes
1006 2366 1172 2403 hostium
1201 2378 1314 2417 saepe
1334 2380 1462 2405 acces-
