1587 2533
150 112 173 152 8
497 119 742 151 EXTRAOTS
769 121 830 150 FR
837 121 905 151 OM
932 121 1112 155 CICERO.

131 216 361 266 *inverterat
436 213 571 263 Itaque
609 213 680 251 hac
717 214 1003 263 opportunitate
1048 215 1150 253 anuli
1195 228 1286 255 usus
1328 228 1457 265 regem

148 281 351 318 dominum
384 279 583 323 interemit,
620 279 842 328 sustulitque
874 292 972 329 quos
1006 281 1166 329 obstare·
1186 283 1456 319 arbitrabatur:
1476 294 1510 325 15

147 358 218 383 nec
249 346 287 382 in
326 345 384 382 his
422 356 510 381 eum
548 343 780 380 facinoribus
814 345 1016 393 quisquam
1050 347 1170 394 potuit
1202 347 1337 384 videre.
1396 347 1457 385 Sic

147 417 301 459 repente
341 410 441 446 anuli
479 409 667 446 beneficio
705 421 770 446 rex
809 417 962 447 exortus
1001 417 1058 448 est
1101 411 1255 459 Lydiae.
1339 412 1457 450 Hunc

145 475 256 524 igitur
277 476 402 524 ipsum
424 474 579 511 anulum
600 474 630 511 si
650 474 789 511 habeat
809 475 973 523 sapiens,
994 475 1110 513 nihilo
1137 476 1221 525 plus
1245 477 1316 514 sibi
1344 477 1455 515 licere

146 547 252 589 putet
280 552 451 589 peccare,
481 551 597 588 quam
628 539 658 576 si
687 551 767 576 non
796 540 961 578 haberet.
1007 539 1185 578 Honesta
1213 542 1315 579 enim
1343 542 1455 580 bonis

142 606 241 651 viris,
263 617 342 642 non
363 604 521 650 occulta,
544 610 786 652 quaeruntur.
1468 618 1509 640 20

519 751 580 785 13.
619 746 654 784 A
687 746 825 795 Happy
851 746 1076 785 Resolulz‘on.

194 868 334 907 Aratus
374 867 574 917 Sicyonius
613 868 691 905 iure
726 867 911 914 laudatur,
945 868 1022 918 qui,
1056 880 1175 918 quum
1207 868 1286 906 eius
1320 869 1452 907 civitas

139 934 414 984 quinquaginta
447 945 571 970 annos
604 945 627 970 a
658 933 826 982 tyrannis
865 939 1067 979 teneretur,
1106 933 1298 982 profectus
1337 934 1450 982 Argis

141 1001 357 1049 Sicyonem,
389 999 624 1036 clandestino
655 999 808 1036 introitu
836 1000 929 1037 urbe
959 1006 1015 1037 est
1043 1000 1198 1049 potitus.
1241 999 1449 1049 Quumque

138 1072 340 1115 tyrannum
378 1063 579 1102 Nicoclem
618 1064 824 1113 improviso
858 1064 1122 1113 oppressisset,
1154 1071 1357 1102 sexcentos
1386 1077 1449 1102 ex-

142 1131 253 1176 sules,
275 1130 339 1179 qui
360 1129 507 1167 fuerant
527 1130 607 1167 eius
629 1129 786 1167 civitatis
818 1129 1118 1178 locupletissimi,
1152 1130 1324 1175 restituit,
1348 1143 1446 1167 rem·
1462 1140 1477 1171 5

136 1205 210 1242 que
244 1192 436 1241 publicam
470 1192 634 1229 adventu
668 1204 737 1229 suo
768 1191 949 1229 liberavit.
1009 1191 1085 1229 Sed
1118 1204 1237 1241 quum
1265 1205 1447 1241 magnam

136 1257 448 1295 animadverteret
468 1257 506 1293 in
526 1256 638 1293 bonis
659 1263 695 1293 et
714 1257 1024 1305 possessionibus
1045 1256 1313 1302 difficultatem,
1343 1257 1447 1306 quod

136 1329 172 1360 et
192 1334 260 1359 eos
289 1334 386 1371 quos
415 1322 496 1370 ipse
526 1322 746 1366 restituerat,
769 1333 933 1370 quorum
961 1323 1066 1359 bona
1094 1322 1154 1358 alii
1183 1322 1445 1370 possederant,

137 1400 248 1437 egere
279 1387 558 1436 iniquissimum
587 1387 848 1432 arbitrabatur,
877 1393 913 1423 et
942 1387 1218 1435 quinquaginta
1256 1399 1444 1425 annorum

134 1453 397 1503 possessiones
427 1452 568 1488 moveri
598 1463 677 1488 non
704 1451 816 1488 nimis
843 1463 1008 1500 aequum
1041 1453 1208 1501 putabat,
1242 1458 1445 1502 propterea
1461 1465 1498 1487 10

135 1519 240 1568 quod
259 1525 337 1555 tarn
357 1517 475 1565 longo
497 1518 622 1565 spatio
643 1517 762 1554 multa
785 1516 1064 1562 hereditatibus,
1094 1517 1212 1554 multa
1242 1519 1444 1567 emptioni-

135 1585 218 1630 bus,
249 1583 368 1620 multa
397 1583 549 1619 dotibus
579 1582 804 1618 tenebantur
833 1582 914 1618 sine
943 1582 1087 1628 iniuria,
1117 1582 1291 1620 iudicavit
1320 1596 1444 1633 neque

134 1650 205 1687 illis
244 1649 360 1686 adimi
399 1659 523 1696 neque
561 1647 619 1684 his
657 1658 736 1683 non
775 1646 944 1684 satisfieri
987 1659 1150 1696 quorum
1194 1648 1255 1684 illa
1295 1647 1444 1686 fuerant

132 1720 319 1763 oportere.
391 1712 522 1758 Quum
555 1712 666 1761 igitur
700 1713 890 1749 statuisset
922 1723 1020 1761 opus
1051 1724 1134 1749 esse
1168 1713 1217 1750 ad
1247 1725 1332 1750 eam
1362 1726 1443 1750 rem

134 1779 441 1817 constituendam
463 1778 636 1827 pecunia,
658 1777 933 1814 Alexandriam
955 1789 995 1814 se
1015 1777 1204 1826 proficisci
1224 1778 1318 1816 velle
1339 1779 1441 1824 dixit,
1461 1790 1496 1821 15

132 1856 288 1893 remque
308 1844 496 1891 integram
517 1842 565 1880 ad
584 1842 745 1879 reditum
766 1854 877 1879 suum
897 1842 1002 1879 iussit
1021 1854 1120 1879 esse:
1148 1843 1254 1892 isque
1274 1843 1443 1881 celeriter

132 1910 181 1947 ad
210 1909 484 1953 Ptolemaeum,
520 1920 631 1947 suum
664 1907 868 1956 hospitem,
898 1908 1009 1952 venit,
1045 1908 1109 1957 qui
1142 1915 1223 1945 tum
1260 1910 1443 1957 regnabat

131 1975 223 2012 alter
259 1981 348 2023 post
378 1973 652 2010 Alexandriam
681 1973 887 2011 conditam.
955 1972 1028 2010 Cui
1057 1985 1175 2022 quum
1205 1974 1443 2022 exposuisset

130 2039 291 2090 patriam
313 2051 353 2077 se
374 2039 531 2076 liberare
552 2039 656 2084 velle,
679 2050 911 2087 causamque
933 2038 1146 2085 docuisset;
1177 2050 1200 2075 a
1227 2051 1317 2087 rege
1346 2051 1442 2089 opu-

128 2105 232 2142 lento
253 2105 307 2141 vir
328 2116 500 2141 summus
521 2103 630 2141 facile
655 2104 878 2152 impetravit,
912 2110 953 2140 ut
983 2104 1118 2152 grandi
1150 2104 1313 2152 pecunia
1336 2105 1441 2141 adiu·
1462 2115 1499 2136 20

127 2176 286 2208 varetur.
361 2169 489 2216 Quam
514 2181 632 2218 quum
659 2169 863 2218 Sicyonem
888 2169 1080 2215 attulisset,
1108 2169 1275 2207 adhibuit
1305 2167 1375 2206 sibi
1404 2170 1442 2206 in

131 2233 332 2271 consilium
353 2232 571 2281 quindecim
599 2232 791 2281 principes
820 2244 907 2269 cum
938 2233 1074 2280 quibus
1104 2244 1237 2270 causas
1264 2234 1444 2281 cognovit

133 2306 168 2336 et
189 2310 324 2336 eorum
345 2298 409 2347 qui
429 2297 551 2334 aliena
574 2297 765 2341 tenebant,
797 2303 834 2334 et
863 2309 995 2334 eorum
1024 2297 1089 2345 qui
1119 2309 1186 2334 sua
1215 2297 1441 2335 amiserant:

131 2363 364 2413 perfecitque
393 2362 640 2401 aestimandis
669 2362 989 2411 possessionibus,
1020 2368 1061 2399 ut
1089 2362 1335 2411 persuaderet
1362 2363 1443 2400 aliis
